2776 4748
188 254 309 333 saxea
435 201 517 327 ⁹4·
607 193 875 296 enarrarre

101 461 103 465 .
188 406 359 474 exantlavit.
404 405 519 482 Perlegi
544 389 701 483 aliquoties
721 417 751 465 et
778 405 1005 466 dedicationem
1020 415 1050 464 et
1075 408 1291 488 praefationem

188 513 344 586 Feliciani,
369 510 450 569 sed
441 530 472 566 ιιι
488 517 594 565 neutra
616 510 665 566 vel
680 508 807 566 verbum
824 507 923 564 hacd
903 528 939 565 (e
957 528 1007 581 re,
1027 526 1103 584 quae
1120 521 1164 568 est
1176 510 1289 569 homini

113 667 114 671 ,
189 616 295 674 critico
312 613 406 670 multo
423 611 609 687 gravissima,
633 611 708 673 etin
723 630 782 687 qua
802 629 945 667 summam
963 631 1006 668 rer
1000 611 1069 668 ille
1083 615 1229 687 collocat,
1242 611 1293 707 ro-'

89 690 114 779 ,Ι
188 719 254 798 peri
283 723 403 792 praeter
424 714 518 769 istaec
540 732 639 791 pauca
672 721 701 769 et
725 732 822 789 vaga,
855 731 931 788 quae
954 711 1190 772 dedicationem
1199 702 1288 772 exor-

190 818 329 876 diuntur:
366 815 457 871 »Cum
482 814 686 907 superioribus
713 811 1156 889 diebus,AbbasCla11ssnne,
1180 817 1290 874 Demo-

108 947 115 955 ·
188 916 301 978 sthenis
319 918 523 973 -orationes
555 902 687 973 collectis
711 915 890 992 quibusdam
913 916 1040 992 antiquis
1063 916 1215 974 codicibus
1237 914 1288 973 re-'·
1320 974 1322 981 ,

138 1015 151 1023 ”
188 1018 410 1096 cognoscendas
432 1018 645 1096 suscepissem,
664 1037 731 1093 quo
745 1016 819 1073 ads
821 1015 1011 1084 tudiosorum
1024 1018 1306 1092 utilitatemcasti-¹

77 1143 79 1147 ⁴
103 1155 104 1158 ¹
185 1123 311 1200 gatiores
326 1120 544 1196 aliquamtulum
558 1118 793 1190 excuderentur,
813 1118 935 1175 memini
955 1129 1034 1177 exte
1054 1119 1201 1177 audivisse
1213 1153 1256 1163 —
1258 1144 1287 1177 ,ιι

120 1210 121 1214 ¹
185 1225 259 1283 Inde
276 1242 360 1280 orsus
380 1232 524 1297 evagatur
536 1222 568 1278 in
584 1222 668 1278 locos
684 1238 872 1292 communes,
898 1219 1012 1283 dudum
1036 1221 1182 1298 protritos
1199 1231 1234 1283 et
1249 1223 1303 1292 ad>

147 1346 150 1353 ·
185 1328 213 1385 fa
216 1316 336 1406 stidium
351 1320 531 1382 declamatos
549 1323 585 1380 de
598 1323 738 1380 laudibus
749 1322 934 1415 eloquentiae
948 1301 1289 1407 ipsiusqueDemosthg.

44 1417 48 1421 ’
134 1490 136 1494 Α
184 1432 246 1487 nis:
271 1428 378 1505 quibus
400 1424 536 1504 adjungit
554 1423 698 1501 quaedam
713 1424 749 1481 de
767 1443 819 1481 sua
841 1444 909 1481 cum
928 1422 1089 1481 Franciseo
1109 1425 1287 1498 Lauretano,

139 1538 145 1549 ‘
185 1530 297 1606 abbate
321 1530 413 1587 Divae
440 1527 559 1584 Mariae,
574 1525 786 1602 Vangaditiae‚
817 1525 866 1582 cui
892 1524 1052 1582 Francisco
1072 1525 1286 1586 Demosthenes

121 1699 124 1702 Α
184 1631 368 1689 Felicianeus
381 1629 545 1705 inscriptus
558 1637 748 1699 est,et'cum
760 1626 845 1683 istius
859 1624 1011 1685 Francisci
1025 1628 1128 1700 fratre,
1143 1627 1286 1700 Antonio,

75 1763 86 1779 κ
150 1799 151 1802 ¹
182 1731 410 1791 necessitudine.
457 1728 662 1798 Quaeomnia
685 1728 723 1784 ad
736 1748 790 1784 nos
810 1727 853 1784 nil
864 1729 1025 1804 pertinent.
1073 1728 1158 1799 Quae
1178 1741 1279 1788 autem

183 1819 371 1911 ipsiussqui
387 1830 485 1887 editor
508 1826 599 1904 esset,
622 1829 924 1905 personam‘decebat
943 1850 997 1886 nos
1013 1830 1142 1903 docere,
1166 1840 1195 1889 et
1208 1852 1286 1909 quae

167 1927 286 1992 ‘nostra
313 1952 403 2010 quam
427 1931 591 2008 plmimum
607 1930 751 1997 intererat
764 1951 819 1989 nos
835 1932 871 1989 ab
884 1933 974 2009 ipso,
993 1933 1045 2009 qui
1061 1950 1139 2010 unps
1153 1933 1288 2006 omnium.

181 2019 408 2111 optime‘nosset
418 2041 455 2089 .et
470 2034 550 2090 solus
563 2050 651 2088 nosse
667 2041 800 2110 poterat,
819 2034 931 2108 doceri,
949 2056 982 2092 ea
996 2054 1069 2126 verp
1084 2053 1139 2092 nos
1156 2034 1282 2092 celavit:

179 2136 212 2193 in
236 2155 296 2213 quo
319 2144 347 2191 et
365 2135 430 2215 ipse
456 2136 516 2192 suis
536 2145 566 2193 et
583 2135 731 2219 lectoratu
751 2135 865 2212 pariter
884 2134 1048 2194 commodis
1071 2135 1180 2194 offecit.
1224 2137 1285 2196 Sed

180 2235 222 2295 sic
237 2238 371 2296 ferebant
386 2238 443 2294 ista
457 2224 613 2315 tempora,
630 2255 706 2313 quae
723 2256 790 2294 euin
802 2226 909 2295 tulere.
972 2232 973 2236 ’

520 2470 524 2482 ι
616 2437 708 2520 ,p
752 2445 824 2508 30„

439 2591 442 2596 ·
490 2572 537 2633 De
558 2572 659 2635 codice
679 2575 859 2656 Argustana
882 2593 977 2638 sexto.

182 2736 183 2739 ¹
259 2721 405 2802 Miserunt
425 2742 463 2801 ad
477 2759 524 2802 me
543 2765 642 2822 nuper
656 2745 847 2822 Augustanos
860 2746 1045 2824 reipublicae
1058 2748 1216 2825 proceres,
1227 2751 1281 2826 qui

174 2845 313 2924 publicae
340 2865 410 2905 suae
442 2842 640 2905 bibliothecae
666 2827 847 2924 praesunt,
870 2847 994 2907 codices
1017 2868 1142 2924 graecos
1165 2852 1279 2908 calamo

77 3001 82 3020 ,
118 2995 122 3012 ,
174 2955 310 3004 exaratos
323 2966 449 3005 nuntero
468 2967 530 3032 sex,
542 2948 575 3005 in
588 2948 756 3030 quibus-est
766 2948 907 3007 volumen
918 2951 1059 3026 spissum,
1074 2951 1187 3007 formae
1202 2971 1280 3028 qua-

165 3047 289 3120 drame,
301 3028 490 3124 vparticulam
516 3048 652 3123 exiguam
674 3048 879 3106 Demosthenis
894 3060 1012 3125 tenenS,
1032 3061 1093 3109 tres
1117 3051 1278 3129 Olynthia-

171 3168 221 3205 eas
235 3156 325 3224 puta,
346 3143 545 3224 Philippicam
559 3149 704 3226 primam,
726 3144 1051 3228 epistolam'Philippi,
1073 3153 1165 3210 etde
1186 3146 1282 3230 paces

110 3230 113 3250 ⁵
153 3255 157 3262 '
165 3241 309 3310 Nondum
322 3247 441 3306 vacarit
458 3247 549 3326 hujus
565 3250 676 3308 codicis
689 3252 833 3310 lectiones
848 3251 1025 3310 exarninare.
1050 3253 1109 3310 Sed
1125 3240 1275 3314 exhibebo

168 3344 222 3405 has
241 3367 360 3426 quoque
375 3349 407 3405 in
420 3333 672 3414 materia‘critica.
721 3352 927 3423 Miscellaneam
948 3364 992 3413 est
1015 3356 1112 3414 codex
1132 3378 1149 3413 a
1169 3359 1293 3442 nrultis‘

166 3447 314 3520 collatus,
331 3451 414 3525 quod
427 3452 563 3511 diversae
576 3473 681 3511 manus
693 3462 875 3527 testantur,
872 3461 1051 3516 exaratus
1041 3481 1073 3517 ιιι
1094 3460 1181 3517 Italia
1206 3481 1275 3520 sae

92 3534 95 3543 ’
121 3557 125 3565 “
169 3548 238 3604 culo
251 3549 316 3606 XV
330 3562 456 3612 excusate
469 3562 521 3612 aut
536 3552 618 3613 XVI.
628 3556 758 3650 ineunte.
781 3555 888 3614 Nescio
904 3579 941 3616 an
954 3560 1152 3620 Pirkhaimeri
1170 3583 1271 3640 quon-

110 3641 114 3648 *
144 3638 255 3708 ¹(lam
262 3650 385 3727 fuerit,
393 3673 480 3731 quem
508 3656 644 3733 suspicor
667 3677 703 3714 ex
722 3656 773 3717 illo
799 3660 902 3736 codiee
923 3661 1054 3739 primum
1067 3663 1270 3743 Theophrasti

167 3750 360 3813 characteres
383 3755 519 3814 edidisse.
564 3759 698 3834 Longum
721 3757 760 3815 sit
779 3760 893 3835 singula
917 3783 1165 3840 commemorare,
1187 3787 1266 3845 quae

164 3850 225 3912 hoe
237 3849 390 3915 volumine
405 3857 611 3932 continentur,
626 3860 779 3935 opuscula.
824 3862 970 3921 Brevibus
987 3886 1143 3945 exsequar.
1188 3871 1268 3928 Sunt

164 3953 206 4011 ibi
218 3958 384 4035 epistolae,
407 3979 480 4036 quas
500 3958 596 4017 Aldus
617 3957 727 4034 edidit,
744 3961 855 4020 'Attici
870 3965 1033 4041 fragmenta
1057 3991 1114 4047 pro
1130 3972 1265 4044 Platone,

165 4074 239 4132 quae
255 4059 385 4118 servavit
398 4058 553 4134 Eusebius,
570 4062 689 4138 Georgii
702 4060 864 4144 scholarii,
879 4068 1003 4125 Gemisti
1019 4046 1191 4146 Plethonis,
1204 4071 1270 4130 Aa.
1306 4115 1312 4126 ·

164 4151 278 4213 dronici
298 4160 426 4234 Callisti,
448 4160 650 4237 Bessarionis,
669 4164 787 4222 loannis
806 4169 973 4243 Saguntini,
992 4170 1145 4230 Michaelis
1160 4172 1264 4246 Pselh',

162 4252 409 4336 Limentinum,
422 4263 555 4344 Luciani,
573 4266 698 4344 Synesii,
714 4265 919 4344 Theophrasti,
929 4270 1113 4348 Aristotelis,
1128 4276 1267 4336 Platonis
