2776 4748
376 237 435 298 AD
469 232 836 313 DEMOSTHENEM.
980 184 985 194 ⁸
1067 263 1173 323 mm

53 411 140 472 illam
155 407 195 470 de
206 405 285 482 falsa
297 407 462 487 legatione,
482 407 556 468 huic
574 408 660 468 Wolf
674 411 856 490 postposuit.
902 390 1058 493 Opuscisla
1080 388 1179 495 ‹prin-,¹

55 536 113 594 que
129 512 195 571 hoc
215 512 347 573 secundo
360 523 442 571 tomo
457 510 605 569 Wolliano
629 514 771 571 conclusa
784 512 862 572 istoc
882 515 985 573 ordine
1008 538 1074 577 sese
1094 541 1168 579 con-
1215 592 1217 597 Ι

54 624 244 695 sequuntur:
277 614 311 691 1)
325 612 484 684 Aeschinis,
498 635 540 673 or.
564 614 596 672 in
616 613 824 689 Timarchum
847 614 882 692 2)
895 617 1109 683 Demosthenes
1129 623 1167 684 do

52 719 130 778 lalsa
147 718 301 794 legatione
316 717 348 776 in
360 715 553 792 Aeschinem3
575 714 608 796 3)
621 714 712 795 hujus
732 715 876 793 adversus
893 718 979 778 illum
992 742 1092 800 super
1109 725 1168 791 hoe

56 820 188 880 crimim
213 819 347 879 defensio
354 843 363 895 3
386 817 420 900 4)
432 839 537 901 rursus
564 816 698 896 ejusdem
721 817 816 880 oratio
839 817 871 875 in
895 819 1117 900 Ctesiphontem
1138 839 1170 893 et
1228 840 1232 847 '
1320 832 1324 847 '

55 922 378 998 coronam-,tandem
404 923 440 1000 5)
453 918 660 980 Demosthenis
684 920 782 994 oratio¹
795 938 865 998 .pro
888 921 1082 1000 Ctesiphonte
1104 953 1167 1009 seu,
1190 1008 1193 1013 .

55 1026 139 1105 quod
155 1025 240 1083 idem
251 1033 306 1097 est,
323 1026 379 1101 pro
395 1043 513 1081 corona.
559 1022 652 1080 Tomo
667 1031 774 1099 quarto
789 1025 942 1103 subjectus
964 1037 1009 1085 est
1026 1031 1116 1091 index
1135 1036 1168 1097 in

54 1124 293 1187 Demosthenem
308 1123 531 1184 etheschinesn.
555 1123 670 1199 Singuli
686 1123 796 1200 qinons
811 1125 886 1183 tomi
897 1128 960 1189 suis
974 1135 1170 1209 praefationi.

56 1228 106 1288 hns
120 1227 263 1308 propriis
279 1225 415 1284 aWollio
429 1235 499 1284 sunt
511 1225 660 1285 instructi.
706 1227 820 1299 Quinto
831 1239 928 1306 tomo,
943 1235 995 1310 qui
1008 1234 1169 1313 Ulpianum
1185 1298 1189 1305 ,

56 1330 284 1411 complectitur,
291 1327 425 1408 praefixe
438 1329 587 1406 praehstio
600 1330 715 1406 scripta
725 1319 770 1388 es't
779 1331 962 1404 Catlimtiis
975 1330 1169 1419 '1‚550,Clau.

56 1424 408 1510 sula'interpretationis
426 1428 537 1489 latinae
556 1452 587 1510 p.
601 1436 677 1497 243.
696 1429 772 1491 haee
791 1442 846 1492 est.
867 1467 911 1509 ··.··
938 1435 1027 1495 Initio
1042 1451 1168 1519 antista-

57 1537 175 1595 tionum
190 1532 232 1591 ad
245 1531 405 1610 Ulpianum
418 1531 504 1589 Wolf
515 1531 600 1610 ai'tp·
616 1538 688 1599 244·
705 1555 753 1594 eas
776 1557 793 1594 a
813 1556 844 1594 se
860 1537 987 1615 scriptas
1008 1560 1070 1601 esse
1090 1563 1168 1608 asino

24 1707 29 1713 ⁸
58 1640 149 1705 1566.
202 1632 265 1693 Sed
277 1651 347 1691 eum
361 1633 476 1691 interea
487 1632 639 1711 prodisset
650 1634 741 1693 editio
756 1628 904 1711 Parisma,
925 1640 957 1703 in
973 1661 1032 1717 qua
1048 1643 1173 1720 Ulpiani
1188 1672 1192 1679 ·

57 1738 172 1798 scholia
184 1734 285 1815 multo
301 1728 372 1794 sunt
381 1734 547 1813 antiquitus
561 1735 649 1793 editis
662 1736 869 1814 locupletiora,
885 1740 954 1812 illis,
972 1762 1049 1818 quae
1061 1745 1169 1803 reddi·

21 1914 24 1919 Ι
59 1841 150 1900 disset
166 1836 259 1896 Wolf
273 1836 307 1895 in
329 1842 382 1894 sua
397 1836 542 1910 editione,
562 1836 630 1896 ideo
642 1824 831 1906 'accessiones
849 1842 915 1900 illas
936 1863 1038 1903 omnes
1059 1846 1169 1911 editio-¹

58 1943 100 2001 nis
115 1937 277 2008 Parisinus
291 1937 416 1997 seorsim
439 1934 548 1995 excudi
571 1940 688 1997 claravit
708 1960 779 2005 cum
796 1941 892 2000 latina
912 1963 965 2001 sua
985 1947 1168 2025 interpreta-

57 2045 138 2105 tione
151 2064 173 2103 α
189 2061 222 2120 p.
238 2044 312 2107 262.
329 2039 367 2097 ad
380 2060 412 2117 p.
432 2044 505 2105 300.
549 2041 660 2099 Tomus
670 2042 723 2116 YI.
740 2042 968 2122 comprehendit
980 2046 1080 2106 Wolfii
1094 2050 1169 2108 alio-

56 2164 190 2224 rumque
206 2141 248 2199 ad
255 2139 409 2199 Demosth.
423 2142 628 2202 annotationes
643 2154 673 2201 et
686 2145 802 2221 sylvam
814 2146 992 2217 variantium
1004 2150 1170 2211 lectionum

55 2244 250 2324 indigestdm.
293 2242 361 2303 Fini
376 2244 600 2303 annotationum
614 2265 735 2325 suarum
751 2245 789 2303 ad
802 2248 949 2306 orationes
961 2246 1170 2319 Demosthenis

56 2360 84 2408 et
98 2343 264 2406 Aeschinis
278 2330 462 2413 adversariae
475 2344 584 2423 adjecit
598 2345 684 2404 Wolf
693 2344 817 2421 schedas
843 2349 1002 2427 Scrirngeri
1010 2395 1019 2425 ,
1042 2354 1079 2410 de
1101 2355 1170 2433 qui-

55 2451 111 2513 hus
133 2448 267 2529 exponit
287 2459 318 2526 p'.
342 2453 412 2511 102.
455 2447 491 2505 ln
514 2447 573 2505 fine
594 2449 818 2521 annotationum
837 2451 876 2509 ad
894 2460 1008 2511 tomum
1030 2467 1171 2533 quartum

56 2573 85 2633 p.
103 2557 181 2619 137.
208 2568 315 2627 graeca
342 2550 475 2607 clausula
493 2557 635 2624 testatur,
653 2571 700 2607 eas
718 2551 867 2611 absolutes
890 2575 953 2623 esse
975 2576 1052 2613 anno
1076 2558 1168 2623 1569.

55 2654 277 2737 θαργηλιῶνος
299 2655 461 2728 μεσοῦντος
483 2648 532 2731 (h.
551 2672 576 2710 e.
592 2651 756 2730 Augsnto).
793 2653 826 2712 P.
845 2662 914 2740 343.
936 2657 1087 2736 incipiunt
1112 2660 1170 2716 Ca-

57 2757 236 2835 stigationes
250 2771 285 2810 ao
302 2751 435 2812 diversae
447 2752 590 2811 lectiones
604 2753 637 2810 in
651 2756 1012 2816 orationesDemostlsenis
1027 2778 1082 2834 per
1095 2761 1171 2815 Vin-

57 2857 196 2919 centium
211 2851 420 2933 Obsopoeum,
446 2855 634 2912 vetustissimi
655 2854 811 2933 cujusdam
832 2856 1013 2936 exemplaris
1034 2847 1168 2921 subsidio

55 2955 214 3029 collectae,
236 2974 297 3013 non
319 2969 435 3012 tantum
457 2952 581 3011 editioni
597 2951 741 3031 Aldinae,
765 2978 862 3041 verum
885 2959 972 3029 etiem
992 2956 1168 3033 Basileensi,

55 3044 311 3144 quae'postre'mol
331 3071 388 3139 est,
412 3072 471 3114 non
492 3056 554 3141 sine
575 3054 688 3138 fructu
711 3053 914 3136 adhibendoe5
952 3080 1020 3147 nens
1043 3062 1073 3118 in
1101 3082 1172 3131 neas-,-

60 3175 125 3233 tru,
152 3179 234 3240 quae
254 3155 303 3217 tio
324 3154 529 3231 emendantur,
561 3157 775 3217 recte-habent.
820 3157 877 3216 Hic
899 3167 944 3217 est
965 3162 1071 3220 titulus
1094 3182 1172 3241 opu·

60 3263 160 3336 sculi,
179 3260 218 3319 de
232 3278 292 3339 quo
305 3258 366 3339 jam
382 3259 496 3317 dudum
520 3259 617 3318 dicere
637 3261 819 3333 debuissem,
841 3259 899 3327 nisi
912 3260 1003 3318 satius
1018 3253 1172 3321 dsmisscm
1261 3288 1265 3295 ·

61 3362 225 3423 instoriam
251 3362 415 3444 editionum
435 3359 642 3420 Demosthenis
662 3382 723 3420 non
742 3361 931 3440 interrumpi.
974 3363 1090 3441 Prodiit
1113 3362 1172 3423 hoc
1207 3394 1213 3405 ¹

65 3465 251 3545 opusculum
264 3463 541 3541 Basileaeprimum
555 3465 586 3519 in
600 3472 708 3540 quarto
721 3463 843 3521 minimo
867 3482 944 3541 anno
966 3466 1058 3530 1533.
1104 3465 1173 3523 Tri·-

63 3568 144 3644 ginta
158 3584 259 3646 paene
277 3566 360 3625 annis
376 3575 447 3644 post
459 3565 539 3622 idem
552 3561 637 3621 Wolf
647 3564 769 3622 editioni
786 3584 855 3622 suae
871 3563 1077 3629 Demosthenis
1090 3566 1172 3623 inse·

64 3671 209 3728 mireum
220 3668 321 3747 aliqua
329 3667 496 3725 accessione
507 3685 568 3722 sua.
589 3663 770 3743 ¹Obsopoeus
779 3667 857 3727 enim
867 3685 933 3723 cum
941 3667 1076 3751 libellum
1084 3686 1172 3738 suum

66 3764 254 3848 hieronymo
273 3764 558 3853 Baumgartnero*),
573 3767 701 3845 patricio
722 3787 757 3826 ac
776 3768 909 3857 'senatori
921 3762 1172 3843 Norimbergensi,

68 3928 278 3947 *n-

99 4057 126 4126 ΰ)
147 4052 299 4122 Viderint,
324 4055 424 4127 quihus
442 4052 568 4110 familiae
589 4050 725 4127 patriciae
742 4048 1023 4126 Norimbergensium
1048 4048 1174 4107 notiores

138 4158 229 4213 quam
255 4142 327 4195 mihi
353 4152 435 4211 eunt,
459 4158 527 4194 sium
549 4145 692 4211 paternis
717 4145 755 4198 sit
770 4144 848 4197 illius
871 4146 922 4205 to„
939 4138 1056 4210 Georgii
1073 4132 1177 4192 Baum'-

131 4227 290 4299 gemti,
316 4230 363 4280 out
382 4230 516 4283 Erasmus
546 4226 753 4300 Roterodsmns
781 4227 940 4282 editionem
961 4228 1176 4297 Herwagianam

75 4310 79 4317 ¹
138 4312 435 4386 prinminseapsts
503 4358 507 4364 .
563 4352 577 4364 ..
638 4307 640 4311 ’
794 4354 799 4361 .
843 4366 848 4375 ,
1010 4324 1013 4331 ·

798 4420 862 4470 ’Μ
