2776 4748
334 172 362 290 J
403 213 460 273 sn
489 204 853 279 osnosrnmsu.
984 200 987 205 '
1044 174 1199 285 'mvn'

63 378 163 442 Wolfis
210 378 358 463 Tamssego
375 383 658 476 toamnasarim,
677 358 814 465 etunius
834 385 957 469 notulas
978 407 1083 451 caussa
1096 380 1187 463 totas,x
1276 412 1281 421 =

64 494 319 579 sexcentenarium
339 506 483 549 versuum
502 490 651 550 orationes
666 489 830 568 perlegam.
875 490 941 550 Non
958 491 1003 551 ita
1022 493 1178 570 festinare,
1251 482 1256 491 ’

63 609 121 648 nen
136 589 346 670 praecipitare
360 581 452 671 opus,
468 592 532 652 sed
554 591 657 651 ordine
671 611 757 669 agere
772 593 918 667 debebam,-
931 593 1098 673 Episcopio
1112 578 1176 653 non

65 689 194 751 schedas
213 690 369 770 disjectos,
384 693 455 751 solia
470 694 618 772 Sibyllae,
631 695 702 753 alias
718 717 754 756 ex
770 695 983 769 oliismittere,
1006 717 1096 774 quas,
1113 717 1175 775 quo

64 803 167 855 essent
185 793 491 869 referendaossnemo
511 796 626 870 sciret,
648 817 725 875 quae
753 797 838 876 ipsse
858 796 915 854 sibi
933 799 1174 865 contradicerent
1214 844 1217 853 .

65 917 152 976 saepo
161 941 172 972 ‚
195 896 297 955 sad1n
308 896 455 956 mandatis
471 897 541 956 dara
550 942 559 972 ,
582 906 620 956 ut
636 896 842 958 Demosthenis
862 907 980 966 textum
997 898 1174 981 excudendo

63 992 238 1059 metutam
251 998 291 1057 ad
302 1008 334 1075 te
345 1000 494 1074 mittunt,
507 1003 606 1079 -quem
619 1010 655 1060 tu
666 1021 723 1080 per
734 1000 829 1061 otium
843 999 1009 1076 relegeres,
1024 1011 1063 1065 ,et
1077 1022 1176 1068 onno-

63 1101 190 1161 tationes
208 1096 279 1160 tuas
298 1101 456 1179 uariasque
475 1101 618 1162 lectiones
633 1101 677 1160 ud
692 1103 793 1165 locius
805 1120 961 1181 quamquo
972 1122 1062 1165 suum
1076 1088 1173 1171 refer·
1212 1177 1217 1184 q

64 1222 113 1277 res,
129 1212 171 1262 et
180 1203 297 1262 munda
311 1191 506 1280 nitidequeet
522 1203 767 1284 ordinesoriptas
781 1203 898 1267 charus
912 1223 1016 1270 omnes
1028 1205 1067 1265 ad
1079 1214 1172 1287 typo·

64 1303 214 1383 naphum
231 1305 376 1364 mitteres.
387 1339 400 1367 ,ι
421 1305 657 1371 Nisioonsilium
673 1309 820 1386 cepissem
827 1305 940 1367 edendi
952 1305 1172 1382 Demosthenis,

64 1392 142 1484 quud
165 1402 221 1466 me
235 1408 339 1486 coegit
357 1407 503 1487 quioquid
520 1427 647 1486 nsquam
668 1418 799 1468 exstaret
811 1408 965 1487 copiarum
979 1407 1063 1486 typis
1078 1428 1172 1467 exon-1

63 1507 301 1586 sumaindagare,
316 1492 421 1569 sedulo
435 1519 465 1568 et
480 1530 549 1569 cum
560 1510 732 1589 pulvieouio
748 1511 915 1585 corradere,
930 1514 961 1567 et
976 1509 1080 1576 ordine
1096 1530 1172 1573 eon-
1235 1568 1238 1573 ,

63 1610 146 1670 cinno
161 1611 283 1689 digesta
294 1611 354 1670 ista
373 1611 471 1669 onmia
484 1632 670 1690 proponere,
691 1633 846 1690 nunquam
861 1610 1089 1677 tantitacinem
1107 1611 1171 1669 uti-

61 1713 174 1775 litatem
189 1732 282 1792 saepe
299 1713 452 1772 minimam
473 1724 525 1771 aut
539 1713 653 1777 nullam
673 1714 803 1775 inaximo
817 1721 848 1771 et
861 1709 1056 1777 aenmnabtli,
1065 1711 1173 1779 labore

61 1830 164 1875 emere.
212 1815 316 1888 'Quem
334 1816 469 1874 laborem
487 1815 547 1896 ipsi
570 1814 847 1894 otleo'Episcopius
867 1822 898 1872 et
913 1812 971 1876 Th„
994 1803 1170 1890 Ziringerus

60 1914 492 1996 defugenmt.‚⁵m1iciWolfii‚
507 1936 635 1995 quorum
648 1917 815 1995 plurimum
828 1917 988 1989 intererat,
1003 1920 1032 1975 et
1049 1915 1100 1993 qui
1115 1916 1170 1975 de«.
1219 1963 1222 1970 .

60 2019 168 2080 debant
192 2028 225 2078 et
245 2008 539 2087 omnium-indilime
556 2028 777 2098 poteront‘eum
795 2016 936 2096 expedire
950 2036 1008 2095 pro
1021 2012 1187 2094 omnibus*

57 2121 112 2200 ipsi
130 2122 215 2181 adeo
234 2119 446 2178 nandmnni
468 2121 702 2181 stGenevenses
717 2119 953 2191 exhorruerunt,
980 2118 1034 2196 qui
1045 2119 1169 2195 Wolfio·

55 2243 127 2282 num
144 2221 381 2282 Demosthenem
395 2223 600 2297 recuderunt,
624 2219 718 2306 (nam
737 2223 771 2281 in
789 2222 1089 2305 neutra.recensione
1109 2223 1167 2282 ista

55 2326 193 2386 miscella
219 2324 338 2402 farrago
360 2325 393 2386 in
415 2327 551 2385 ordinem
568 2327 692 2386 redacta
713 2335 775 2399 est,
801 2333 853 2385 aut
876 2307 1001 2402 paginae
1022 2341 1184 2385 vernum.
1258 2343 1262 2357 “

55 2429 139 2487 notis
154 2431 212 2486 a'ut
230 2420 416 2491 variantibus
437 2425 617 2508 adscripti‚)
640 2448 708 2503 eum
728 2412 877 2487 lectorum
901 2433 1039 2500 tuorum,
1066 2425 1166 2500 wolfi,
1236 2408 1238 2413 Ι

57 2538 213 2609 quotquot
225 2538 297 2588 sunt
311 2539 449 2603 etertmt,
464 2531 595 2590 omnium
605 2530 816 2608 unnsquisque
826 2526 939 2589 viritim
954 2527 1083 2587 maximo
1097 2548 1166 2605 curn

55 2632 166 2691 taedio·
174 2631 355 2692 devorabit?
369 2630 444 2690 Non
462 2632 612 2709 cogitabas
625 2630 804 2711 nempe,·sio
819 2621 939 2688 irrideri
952 2648 1043 2707 genus
1057 2627 1166 2689 humes

54 2750 145 2810 num,'
155 2734 204 2793 sio
214 2733 390 2813 patientiam
402 2743 536 2793 nostram
548 2735 677 2812 fatigari.
698 2734 911 2813 Importuoum
923 2739 978 2804 est,
990 2740 1026 2788 ut
1038 2740 1074 2790 tu
1085 2732 1165 2791 malo

56 2857 159 2896 emens
166 2882 176 2912 ‚
192 2837 278 2915 quod
289 2836 342 2909 tibi
356 2838 567 2911 conveniebat,
584 2837 647 2895 aliis
660 2835 806 2907 millenis,
826 2832 866 2891 ad
880 2854 956 2909 quos
966 2833 1010 2890 nil
1023 2835 1164 2909 pertinet,

49 2941 171 2997 malum
187 2939 269 2996 dare.
312 2939 393 2998 Haec
413 2949 458 2998 ost
469 2958 529 2996 una
542 2936 742 3012 magnalabes
757 2932 895 2992 editionis
908 2931 1079 3006 Wolfianae,
1095 2920 1165 2996 oiso-

50 3040 122 3116 ξία.“
144 3041 242 3099 Rudis
257 3061 291 3099 ea
306 3050 351 3099 est
365 3040 571 3118 indigestaque
585 3038 691 3111 moles,
705 3056 822 3097 merum
837 3031 1034 3114 chouquet
1044 3033 1184 3114 intuen-'¹

51 3143 123 3202 dem
137 3122 253 3201 horror
267 3143 613 3223 et-fastidiumoccupet.
637 3139 702 3199 Sed.
708 3149 753 3198 est
767 3137 863 3197 altera
875 3157 936 3196 non
950 3137 1056 3196 levior.
1080 3137 1165 3196 Wol-

50 3243 106 3305 fius
122 3253 248 3304 textum
258 3245 462 3317 Demosthenis
475 3243 559 3303 dedit
573 3265 633 3322 pro
645 3241 773 3302 arbitrio
781 3261 838 3307 suo
846 3285 855 3315 ,
870 3260 941 3298 non
956 3259 973 3298 e
985 3238 1070 3299 libris
1083 3240 1164 3298 cala„

48 3366 97 3406 mo
112 3346 267 3420 exaratis,
281 3368 342 3406 non
356 3367 393 3405 ex
406 3346 536 3424 antiquis
551 3343 731 3404 editionibus
747 3342 951 3414 emendatum,
974 3338 1028 3398 sed
1050 3362 1067 3399 e
1090 3361 1164 3400 oon-

52 3447 178 3527 jeoturis
193 3449 271 3525 suis,
292 3449 401 3526 idque,
425 3449 509 3528 quod
525 3449 621 3506 multo
642 3445 821 3525 pessimum,
841 3444 956 3503 lectore
977 3464 1039 3502 non
1058 3443 1164 3504 admo-

55 3552 127 3610 nito.
176 3552 241 3629 Ego
255 3551 382 3630 ipsemet
397 3571 518 3630 quoque
539 3567 754 3625 nonnunquam
770 3544 976 3605 Demosthenis
997 3543 1173 3606 orationem

57 3655 205 3713 arbitratu
217 3673 284 3711 meo
297 3653 458 3712 constituo.
481 3651 540 3709 Sed
551 3651 603 3709 nbi
616 3649 669 3707 ubi
684 3649 782 3723 facio,
794 3649 938 3707 admoneo
951 3649 1079 3722 lectores
1092 3667 1163 3711 sum

56 3757 168 3835 inipso
185 3756 286 3814 statim
296 3763 381 3831 texto
395 3755 539 3832 appositis
556 3748 740 3830 asteriscis*)‚
760 3750 812 3828 qui
820 3752 950 3809 lectores
964 3750 1000 3808 de
1013 3771 1078 3808 mea
1093 3746 1162 3806 crisi

58 3858 238 3916 admoneant
256 3867 287 3917 et
306 3857 345 3914 ad
362 3857 567 3914 annotationes
587 3864 705 3912 nostras
721 3862 879 3932 receptum
897 3851 1007 3910 habere
1026 3850 1160 3929 jubeant,

59 3968 118 4019 tum
129 3962 163 4019 in
188 3958 432 4018 anrrotationibus
445 3978 547 4016 causas
560 3957 593 4018 'et
601 3956 732 4015 rationes
747 3953 959 4014 emendationis
976 3972 1030 4012 seu
1037 3994 1045 4025 ,
1060 3952 1084 4007 si
1097 3971 1162 4011 ma·

90 4195 127 4264 [*)
149 4194 307 4258 Omisimus
321 4193 385 4247 illos
400 4174 546 4246 asteriscos
560 4196 660 4261 parum
672 4189 813 4257 jucundos
829 4178 937 4250 oeulis,
951 4184 1029 4255 quod
1038 4184 1164 4239 lectores

123 4272 289 4353 de'lteiskii
301 4280 506 4336 mutationibus
519 4279 581 4335 aliis
593 4276 687 4331 modis
696 4272 740 4332 eat
749 4274 856 4330 moniti
867 4271 1064 4342 viderentur]⁴
1117 4312 1120 4317 .
1164 4296 1168 4299 ·
