2776 4748
337 180 340 185 ’
453 214 515 281 so
550 202 941 303 nanos-tannen
1192 240 1250 288 m
1310 276 1313 283 .

92 444 95 473 ,
131 381 410 470 dumsypisqts
425 392 471 451 est
484 372 610 466 eicme3
633 400 807 471 praeterea,
830 392 913 471 quod
934 394 968 452 in
984 393 1257 479 commoditanlsus,

92 516 95 565 Ι
132 472 280 551 numerat
291 492 314 550 F
315 492 645 571 abucina-unicuique
660 495 787 554 orationi
803 496 903 553 statim
918 496 1045 576 subjecti
1064 508 1135 558 sunt
1150 500 1184 558 iu
1197 494 1250 562 illa
1305 524 1310 529 ·

134 593 274 654 editione
296 591 500 653 commentani
514 595 667 673 Ulpianei3
688 597 809 656 tandem
831 598 920 657 etiam
937 578 1267 681 1111111011111111111111-Ι

92 678 94 763 l
136 695 208 755 dem
223 696 412 756 variantium
433 693 538 769 habet,
562 716 652 785 quam
665 697 695 756 iii
710 699 787 758 libro
807 720 876 760 meo
894 702 1074 762 variantium
1095 706 1252 784 appellere

135 795 224 857 soleo
238 795 432 879 appendicem
444 796 715 883 Francjimonom,
724 801 763 859 de
777 821 838 879 qua
854 823 930 881 quae
944 805 1041 864 dicam
1053 804 1129 865 haec
1141 807 1247 868 habeo.

137 900 198 960 Sed
211 901 302 980 prius
315 910 416 960 totum
430 899 567 959 habitum
583 900 675 980 hujus
697 903 743 960 od.
764 902 882 962 Franci.
898 885 1061 967 sideamlts.
1106 911 1251 974 Universa

137 1004 184 1062 est
199 1001 310 1062 eadem
329 1024 400 1063 cum
410 1002 590 1076 Basileensi‚
613 1002 671 1061 nisi
693 1004 774 1081 quod
795 1008 1013 1084 opusculorum
1031 1001 1250 1074 nonnullorum

138 1103 247 1187 11111111
258 1105 398 1166 mutavit.
442 1106 476 1164 E.
490 1110 517 1164 c.
533 1098 677 1187 epistolas
694 1104 795 1163 Wolfii
812 1106 850 1164 ad
860 1108 1028 1186 Fuggemm
1045 1123 1076 1171 et
1088 1115 1127 1172 ad
1141 1115 1251 1175 Hanni·

138 1224 221 1295 eum
232 1205 359 1277 statuam
378 1207 411 1267 in
432 1217 566 1268 extrem
585 1207 667 1265 calce
685 1207 862 1269 Basileensis
873 1210 993 1283 locatas,
1007 1216 1163 1274 revocavit
1173 1215 1252 1285 liaeo

137 1306 370 1387 Fruucfurt'ana
396 1308 436 1369 u'd
456 1309 558 1389 operis
587 1302 779 1388 principiam.
828 1311 949 1391 Ulpiani
982 1312 1098 1375 scholia
1121 1319 1251 1378 crationi

139 1409 252 1488 cuique
275 1411 410 1492 subjecit.
452 1412 514 1471 Sed
534 1412 662 1470 debebat
678 1412 757 1471 idem
776 1422 864 1471 tenor
876 1415 973 1475 etiem
987 1417 1017 1475 in
1033 1421 1251 1480 commentatiis
1316 1452 1317 1457 κ

123 1496 298 1571 'Wolli'anis
311 1516 373 1573 tam
386 1506 658 1574 adDemosthenem
674 1506 765 1593 quam
777 1515 816 1573 ad
822 1516 981 1594 Ulpianum
996 1523 1101 1595 tenen,
1113 1530 1149 1580 ut
1164 1533 1196 1582 et
1212 1523 1261 1592 ad,
1332 1585 1345 1606 ‚

117 1616 121 1623 '
139 1606 295 1677 orationes
313 1614 515 1696 adjicerentur
531 1616 737 1675 mmotationes
751 1636 885 1693 quasque
899 1639 987 1692 suae,
1010 1633 1039 1679 et
1054 1624 1093 1680 ad
1106 1626 1252 1702 Ulpianea‘
1269 1665 1285 1703 .·
1327 1678 1333 1691 ,

142 1715 259 1778 scholia
280 1718 352 1778 item
364 1725 450 1778 suae.
495 1718 563 1776 Vita
582 1728 646 1776 tum
667 1719 803 1796 sequitur
812 1717 1020 1778 Demosthenis
1034 1724 1252 1810 olympiadibus
1361 1804 1364 1809 ⁴

143 1838 176 1876 sc
190 1820 347 1896 praetatis
360 1821 585 1881 Atheniensium
600 1821 739 1880 distincta
753 1840 792 1878 ox
808 1814 1108 1885 Parsllslistndreoe
1125 1826 1252 1903 Sohotti

142 1916 366 1983 accessionibus
394 1924 589 2004 locupletata.
640 1923 877 1981 Annototionum
905 1925 995 1983 series
1023 1928 1113 2005 plane
1134 1929 1253 1989 inversa

143 2033 196 2082 cst.
232 2026 364 2104 Reliqua
379 2027 478 2085 omnia
495 2037 564 2085 sunt
581 2025 684 2085 eadem
694 2033 730 2083 ut
743 2025 775 2083 in
786 2025 967 2101 Basileensi‚
980 2028 1037 2086 nisi
1054 2030 1136 2107 quod
1149 2031 1181 2089 in
1194 2032 1253 2092 fine

143 2108 267 2189 additae
289 2112 362 2189 sint
372 2124 515 2188 lectiones
539 2132 571 2186 in
598 2125 818 2186 Demosthenem
838 2126 969 2188 diversae
986 2129 1063 2208 (hio
1083 2141 1128 2190 est
1146 2132 1253 2193 titulus
1271 2139 1279 2157 ‘

144 2210 228 2288 illius
241 2229 403 2311 opusculi)
419 2244 509 2288 tuma
523 2214 626 2288 codice
639 2225 768 2310 quodam
780 2243 892 2288 vetusto
911 2227 1037 2305 Italico,
1053 2245 1115 2303 tum
1129 2255 1170 2291 coc
1183 2230 1253 2295 Al-

144 2327 235 2410 dino„
250 2336 302 2392 cui
316 2329 388 2392 illos
400 2333 446 2390 en'r
457 2329 747 2409 doctissimuslmonu
760 2332 888 2411 proprio
902 2329 1110 2412 adscripscrat.
1139 2333 1252 2392 Dolen-

145 2431 237 2508 dum,
260 2433 344 2514 quod
364 2415 486 2492 curator¹
507 2432 599 2514 hujus
615 2421 768 2508 editionis,
788 2433 922 2512 quisquis
942 2433 1015 2508 suit,
1038 2444 1101 2494 tam
1120 2435 1251 2496 incestos

145 2556 201 2596 nos
216 2535 254 2597 de
267 2535 328 2597 liae
341 2536 499 2597 collatione
512 2522 684 2614 ¹reliquant:
707 2543 769 2595 tam
785 2535 910 2596 obscure
917 2581 927 2611 ‚
940 2545 1003 2596 tam
1017 2535 1130 2597 infinite
1149 2538 1186 2597 de
1199 2560 1252 2599 co·
1353 2528 1361 2537 ’

145 2638 214 2696 dice
234 2640 368 2718 quodam
386 2637 492 2727 Itplico
505 2639 659 2718 loquitur,
681 2636 726 2697 nil
739 2636 899 2711 definiens,
922 2640 1009 2717 cujus
1025 2638 1077 2696 ille
1090 2638 1254 2700 bibliothe-

149 2761 201 2798 cae
216 2741 319 2800 fuerit
359 2741 521 2822 Exemplar
536 2740 692 2813 Aldinum,
716 2739 766 2797 cui
778 2739 826 2796 vir
843 2738 966 2817 quidam
982 2741 1088 2801 doctus
1102 2743 1254 2805 variantes

147 2842 261 2901 dicitur
272 2842 480 2922 adscnpsisse,
502 2843 624 2902 videtur
635 2842 727 2901 hodie
745 2842 776 2898 in
789 2840 1156 2918 bibliothecassodleyana
1170 2845 1254 2901 Oxo-

147 2943 192 3002 nii
205 2936 366 3022 assepvapi,
390 2955 420 3004 et
437 2947 485 3004 vir
498 2945 548 3002 ille
569 2944 677 3002 doctus
688 2944 795 3000 Petrus
809 2940 951 2999 Pithoeus
965 2960 1038 2998 esse.
1085 2941 1198 3021 Collige
1222 2944 1256 3007 id
1325 2958 1328 2964 '

151 3065 169 3102 e
183 3057 348 3126 conspectu
361 3030 531 3129 Taylor'auo
539 3089 547 3118 ,
556 3044 616 3109 ,ubi
630 3044 747 3119 cedens
760 3062 849 3122 quem
861 3041 972 3121 Taylor
986 3030 1134 3103 Venatum
1148 3047 1256 3125 appel-

148 3147 211 3223 lat,
234 3148 459 3220 ciceastriam.
491 3146 624 3226 [Codsx‚
646 3156 680 3205 ut
694 3155 830 3213 constare
843 3166 934 3227 posse
950 3145 1093 3223 arbitron,
1116 3150 1146 3205 S.
1161 3149 1256 3210 Marci
1281 3188 1283 3192 =

149 3248 290 3311 Venetiis.
314 3251 471 3314 ,venantes
492 3247 610 3326 excepit
630 3249 680 3304 vir
695 3247 860 3305 industriae
873 3247 985 3306 etfidei
1004 3270 1136 3309 summae
1150 3249 1261 3310 Petrus

147 3351 301 3417 Pithoeus.
345 3353 393 3412 Ex
404 3329 517 3410 Aldine
533 3347 697 3428 exemplari
708 3349 739 3407 in
753 3348 935 3411 bibliotheca
949 3343 1121 3433 Bodleyana
1135 3351 1256 3427 Oxonii,

149 3455 200 3514 cui
213 3478 251 3516 ca
266 3457 411 3515 allevaret
424 3452 604 3531 Pithoeus]-
634 3453 788 3531 Nusquam
802 3451 1014 3539 discennuntur
1028 3454 1059 3511 in
1078 3430 1144 3528 illa,
1166 3476 1256 3534 quam

151 3559 292 3637 appello,
313 3555 479 3636 appendice
501 3555 720 3614 Franclurtana
737 3554 881 3613 lectiones
902 3555 1026 3615 illorum
1051 3555 1145 3614 duum
1170 3557 1256 3614 codi-
1282 3594 1284 3598 ι

148 3676 234 3732 clun,
252 3658 347 3716 Italici
360 3652 389 3717 e't
405 3657 520 3715 Veneti.
553 3659 648 3735 Saepe
669 3657 789 3715 easdem
803 3656 945 3715 lectiones
958 3657 1003 3714 bis
1019 3657 1146 3716 diversis
1164 3659 1196 3716 in
1209 3661 1256 3717 lo-

150 3759 194 3815 cis
213 3768 380 3837 ponuntur.
424 3737 493 3837 Ipsa
510 3767 640 3817 testatur
663 3757 750 3837 adp.
770 3765 821 3824 31.
849 3756 1037 3838 16.'partam
1054 3761 1218 3820 lectionum
1241 3776 1258 3816 e

147 3857 264 3922 Veneto
285 3882 347 3920 esse
377 3862 550 3923 desumtam.
595 3849 750 3920 Interdum
767 3870 868 3920 tamen
884 3884 901 3920 a
916 3861 1079 3921 Pithoeano
1096 3863 1256 3937 discrepat,

147 3970 185 4020 ut
208 3985 241 4043 p.
255 3969 307 4031 36.
332 3971 380 4032 13.
425 3949 521 4044 Multa
542 3963 645 4024 inille
667 3957 828 4043 appendice
852 3956 1063 4044 praeposte’re,
1082 3950 1178 4021 multo
1200 3960 1256 4034 bis,
1362 3962 1367 3974 ’

148 4065 251 4125 multa·
268 4066 322 4124 sub
336 4068 450 4146 paginis
466 4066 612 4126 ementitis
630 4067 728 4146 posita
740 4054 912 4127 occununt.
942 4066 1072 4125 Videtur
1091 4062 1173 4122 mihi.
1181 4062 1257 4121 haec

148 4167 291 4225 collectio
307 4190 324 4225 a
339 4171 499 4247 Sylburgio
513 4170 592 4227 facta
607 4188 687 4240 esse,
706 4189 771 4226 >non
788 4190 824 4228 ex
836 4190 897 4228 uno
921 4168 1023 4227 codice
1032 4211 1040 4242 ‚
1057 4166 1139 4226 sede
1155 4166 1257 4224 diver-

148 4267 205 4349 sis,
221 4269 572 4350 sldlno,tambinia10,
590 4271 781 4350 Augustino,
803 4271 968 4332 Pithoeano
988 4281 1023 4332 et
1038 4269 1142 4331 neseio
1165 4288 1203 4327 an
1220 4285 1256 4327 ex
1364 4295 1371 4308 .
