2776 4748
55 306 59 313 .
111 242 116 252 ·
168 247 255 316 'exva
595 203 867 303 interimo
942 199 947 211 “
1002 223 1015 234 ·

179 410 235 480 bus
257 414 359 495 pravis
381 399 560 485 lectionibus⁸
583 403 740 485 abrogatis.¹
782 400 962 463 Bavaricum
986 400 1120 464 codicem
1135 402 1285 484 etArigu-

180 531 299 579 stanam
311 508 476 574 secundum
497 510 577 569 solus
594 510 723 582 contuli,
743 507 875 585 reliquos
892 527 952 563 una
970 527 1042 564 cum
1058 528 1169 594 uxore,
1189 509 1286 567 Erne-

85 607 90 614 Ι
181 623 257 681 atina
270 617 419 677 Christina
432 611 585 686 nullent,
602 610 814 685 Kembergensi
823 655 831 683 ,
855 629 944 685 quam
959 618 1124 666 matronam
1140 609 1283 686 pudicam

179 734 211 785 ct
233 723 312 798 frugi
337 718 454 795 meique
477 724 506 772 et
530 714 717 771 literularunr
732 730 868 769 mearum
895 719 1040 767 amantem
1065 711 1096 767 in
1117 710 1175 767 hoc
1191 729 1283 788 opere

179 823 355 900 industriam
379 829 409 903 et
428 818 568 875 solertem
589 813 692 872 habui
702 813 820 870 sociam.
867 812 972 869 Studio
996 813 1069 884 mei,
1089 831 1148 887 quo
1165 813 1284 872 labores

179 928 324 1033 plurimos
351 921 553 996 maximosque
571 919 602 973 in
624 914 681 973 hoc
708 935 796 993 opere
816 912 889 985 mihi
915 915 1086 972 tolerandos
1101 913 1282 988 sublevaret,

120 1065 125 1075 ·
179 1030 278 1089 literas
299 1023 419 1103 graecas
451 1032 480 1080 et
499 1019 607 1078 latinas
629 1038 677 1074 me
703 1017 843 1093 magistro
877 1017 977 1094 coepit
999 1016 1129 1087 discere,
1157 1032 1284 1092 quarum
1315 1018 1322 1073 ἰ

179 1132 262 1191 rudis
284 1120 391 1186 milri
383 1145 415 1182 111
432 1143 553 1182 manum
576 1124 764 1177 convenerat.
809 1116 962 1175 Editiones
978 1119 1116 1175 Aldinam
1141 1125 1170 1173 et
1182 1117 1284 1174 Pauli
1296 1122 1304 1129 '

178 1248 248 1295 nam
261 1235 329 1309 ipsa
344 1230 407 1286 sola
431 1224 576 1295 contulit,
601 1237 733 1280 necnon
754 1217 888 1276 codi'cern
909 1227 1048 1295 quartum
1063 1217 1280 1309 Augustanum.

115 1342 119 1412 J
179 1318 212 1393 ln
229 1329 395 1410 digerendis
413 1323 651 1399 mundandisque
667 1329 697 1377 et
710 1319 899 1397 impressioni
916 1320 1179 1378 accommodandis
1191 1318 1281 1413 char-

179 1435 251 1494 tulis
272 1432 346 1493 meis
370 1427 502 1488 confusis
528 1440 649 1502 operam
673 1420 751 1479 mihi
781 1420 931 1499 praestitit
961 1422 1047 1479 indes
1031 1426 1154 1497 lessam3
1196 1408 1284 1501 cujus

179 1552 288 1615 operae
309 1542 345 1591 ut
367 1551 419 1608 ego
439 1530 498 1607 ipsi
518 1527 660 1584 rnaximas
683 1521 778 1580 habeo
800 1543 916 1600 agoque
941 1524 1062 1602 publice
1093 1525 1217 1599 malias,
1239 1527 1283 1584 ita

177 1657 266 1716 spero
282 1632 496 1703 futurum,'ut
517 1637 599 1684 aetas
623 1643 744 1701 quoque
769 1632 797 1680 et
818 1622 893 1682 haec
917 1634 1019 1682 nostr'a
1044 1635 1074 1683 ot
1089 1622 1283 1688 'insecuturae

177 1737 349 1797 memoriam
363 1732 428 1810 ejus
444 1738 528 1807 grata
544 1726 753 1785 recordatione
768 1724 911 1785 recolant.
934 1727 1170 1785 Pronuntiationi
1188 1729 1283 1788 Grae·

178 1858 284 1897 corum
295 1832 482 1894 Erasmianae
498 1849 566 1885 eum
581 1847 645 1884 eam
661 1826 903 1900 a'dsuefocissem‚
919 1829 1063 1905 praelegit
1076 1831 1128 1887 illa
1140 1830 1212 1888 mihi
1229 1853 1283 1890 ⁰⁰⁶

176 1939 258 1998 dices
273 1944 365 1993 matos
378 1929 523 2007 relegenti
531 1928 701 2006 exemplum
710 1928 937 1994 Morelliauum.
951 1928 997 1988 lta
1014 1932 1127 2009 quoties
1139 1954 1282 1993 occurre-

175 2036 390 2122 ret'varr'etas‚
411 2046 487 2110 quae
506 2048 568 2097 non
589 2031 677 2107 plana
695 2028 862 2108 spernenda
874 2030 1046 2105 videretur,
1069 2055 1133 2091 eam
1150 2036 1279 2094 enotavi.

175 2139 313 2201 Perfecta
327 2134 500 2207 collatione,
522 2130 609 2209 coepi
619 2131 764 2188 lectiones
782 2129 849 2189 illas
872 2146 973 2193 omnes
988 2128 1122 2210 digerere
1141 2146 1170 2193 et
1185 2157 1281 2197 unum

175 2261 206 2299 an
223 2240 333 2298 librum
346 2235 525 2294 variantium
546 2234 709 2306 comferre,
732 2233 840 2310 quibus
856 2232 960 2289 addidi
978 2254 1042 2308 eas,
1064 2256 1137 2313 quas
1157 2238 1283 2315 Taylori
1301 2246 1304 2251 '

176 2341 267 2401 editio
297 2337 526 2417 suppeditabat,
552 2354 609 2392 nec
636 2355 697 2392 non
722 2333 813 2391 editio
834 2328 1034 2393 Wotfiana'et
1055 2335 1169 2396 indices
1197 2340 1280 2415 Aldi,

88 2484 91 2489 -
175 2442 317 2514 lllanutii,
339 2438 481 2497 Lambini.
525 2438 561 2495 ln
581 2435 638 2494 hac
656 2457 765 2514 opera,
789 2433 962 2493 incredibile
996 2437 1080 2495 dictu
1104 2449 1163 2513 est,
1187 2462 1280 2519 quam
1311 2424 1315 2429 .

174 2545 300 2603 molesta
315 2550 345 2599 et
361 2541 511 2608 taediosa,
530 2537 600 2614 plus
614 2556 724 2594 annum
738 2539 900 2594 consumsi.
941 2536 1094 2597 Ridebunt
1113 2561 1159 2599 me
1180 2543 1282 2622 impe⁴

80 2716 82 2721 ,
174 2647 240 2717 riti,
264 2644 316 2720 qui
336 2659 544 2699 aerumnosum
566 2649 596 2696 et
612 2639 814 2696 ‘miserabilem
830 2637 981 2716 ipsemihi
993 2638 1125 2701 laborem
1141 2636 1294 2706 literulas'

121 2817 124 2823 .
176 2743 368 2806 eorrsectandi
381 2740 573 2818 imposuerim
582 2762 590 2813 3
614 2759 689 2821 quos
703 2760 755 2816 ego
771 2739 902 2798 vicissim
925 2749 1089 2826 contemno
1103 2753 1133 2802 et
1151 2747 1283 2809 miseror
1300 2754 1303 2761 '

174 2859 266 2908 usum
276 2856 306 2904 et
316 2840 522 2903 necessitatem
533 2838 623 2920 liujus
639 2844 684 2900 rei
697 2841 872 2900 nescientes.
916 2841 1039 2900 Fundus
1057 2843 1108 2903 hic
1120 2851 1281 2927 accepti.

76 2944 85 2961 ⁴
173 2967 240 3008 mus
259 2958 289 3007 et
297 2943 482 3026 praecipuus
503 2942 754 3014 emendandorum
770 2954 906 3003 veterum
927 2950 1092 3004 auctorum.
1137 2949 1280 3012 Editores

172 3059 308 3108 veterum
320 3046 468 3105 librorum
481 3043 552 3102 hinc
565 3046 696 3122 incipere
712 3046 829 3103 debent.
860 3046 960 3103 Prima
974 3046 1049 3116 haee
1064 3049 1154 3109 debet
1169 3070 1279 3113 eorum

148 3126 238 3208 *dese
252 3166 342 3222 cura,
361 3150 500 3222 utxmstos
517 3147 635 3205 codices
650 3152 766 3205 veteres
792 3146 888 3205 bonae
912 3158 1000 3207 notae
1025 3160 1093 3223 aut,
1110 3151 1139 3208 si·
1153 3150 1201 3210 his
1221 3175 1278 3214 ca-

172 3260 272 3325 reant,
294 3243 505 3308 vetustissnnas
520 3249 618 3307 saltim
633 3248 775 3307 editiones
788 3248 977 3327 primigeniae
989 3249 1147 3331 inspiciant
1160 3257 1278 3315 crustis

171 3353 277 3412 ductas
299 3373 393 3431 eoque
415 3349 462 3409 his
489 3346 734 3429 aequiparandas.
779 3349 887 3410 Mirum
914 3353 997 3411 dictu
1016 3364 1074 3426 est,
1097 3375 1186 3432 quam
1204 3367 1277 3417 tur..

170 3455 264 3533 pibus
280 3454 377 3512 modis
398 3455 578 3531 posteriores
602 3446 731 3511 editores
755 3472 771 3508 a
794 3454 943 3530 primariis
974 3455 1042 3513 edd.
1064 3456 1274 3534 desciscentes,

170 3575 225 3614 seu
238 3555 391 3643 socordia,
410 3572 464 3613 seu
476 3555 609 3630 inscitia,
625 3576 678 3614 seu
693 3549 867 3629 ambitione,
886 3577 939 3614 seu
954 3557 1179 3635 importunitate
1196 3577 1279 3637 qua-

57 3707 60 3717 .
128 3714 135 3726 ,
169 3657 239 3716 dam
255 3660 373 3731 critica,
394 3654 489 3739 bonos
498 3668 648 3731 „auctores
671 3657 903 3723 deformaverint
927 3667 956 3716 et
976 3660 1098 3746 prestigia
1122 3658 1272 3720 bonarum

168 3760 348 3834 lectionum,
376 3757 437 3815 sine
462 3760 568 3835 quibus
591 3768 726 3816 auctores
746 3758 870 3833 intelligi
889 3769 1059 3836 nequeunt,
1083 3756 1270 3817 obscurave-

167 3859 236 3919 rint.
278 3859 499 3918 Demonstrabit
510 3861 585 3919 liber
600 3869 702 3917 noster
716 3860 909 3935 variantium,
934 3862 1007 3939 quid
1024 3860 1190 3921 lectionum
1207 3861 1269 3919 lle-

159 3949 423 4022 'mosthenicartmi
441 3974 580 4023 versetur
597 3965 627 4022 in
648 3962 750 4036 libris,
776 3981 904 4040 quorum
929 3964 1014 4041 copia
1033 3964 1119 4022 nobis
1140 3963 1217 4037 fiu't,
1237 3969 1274 4039 et

166 4062 469 4139 quidvetustasnobis
483 4065 656 4139 tradiderit3
671 4074 736 4121 tum
750 4065 815 4140 quis
825 4065 940 4141 primus
952 4066 1059 4122 vitium
1072 4069 1180 4144 cuique
1194 4066 1276 4125 loeo·

162 4161 296 4220 intulerit
302 4186 310 4239 3
341 4161 467 4245 denique
488 4167 888 4246 quispra'rnuscor1·excrit,
909 4175 960 4224 aut
986 4167 1136 4245 quomodo
1155 4168 1297 4227 vitiomv

162 4265 271 4344 corrigi
293 4267 409 4327 debeat.
453 4270 517 4328 Hac
537 4269 656 4329 demum
672 4269 786 4351 ratione
806 4264 908 4348 potest
928 4270 965 4329 de
978 4273 1104 4332 veritate
1123 4270 1272 4331 lectionis
1319 4264 1326 4273 ’
