2776 4748
448 202 913 301 iuonuososrrsu.
994 196 1032 283 ἶ
1136 232 1236 345 &xva
1319 274 1322 279 ·

125 402 281 465 editorum
292 403 423 486 ineptias
437 416 467 465 et
481 423 576 483 nugas
587 407 794 485 frigidissimas
806 411 1027 487 accumulandi,
1044 388 1131 494 cujus
1151 414 1235 476 hunc

123 509 259 568 ierimus·
275 508 427 582 fructuri,
448 518 487 566 ut
504 518 594 588 'saepe
614 511 758 570 miremur
776 514 906 573 eundem
915 526 1075 576 auctorem
1094 537 1234 598 pugnan-

124 613 165 670 tia
180 611 270 670 inter
284 631 316 668 se
330 613 459 671 tradere.
504 611 595 684 Quod
615 611 681 670 fieri
697 631 784 671 secus
799 634 860 673 non
878 626 998 695 potest,
1022 620 1048 681 si
1063 618 1235 681 diversississ

122 732 256 772 morum
270 710 427 772 auctorum
446 710 612 791 Fragments
627 715 708 774 inter
721 736 754 774 se
768 710 1003 795 compinguntur
1013 748 1030 795 ,·
1039 732 1069 780 et
1083 724 1139 780 sub
1153 724 1235 801 ejus-

123 816 199 874 deni·
209 814 397 874 scholiastae
411 815 530 874 nornine
548 815 751 876 venditantur.
788 820 1061 883 Sicohtruduntur
1079 825 1168 883 alicui
1188 846 1233 900 ea,
1323 852 1326 857 ·

123 920 204 994 quae
220 916 325 975 noluit
342 917 458 990 dicere,
482 925 513 975 et
534 916 572 981 de
587 918 697 996 quibus
711 939 866 1000 nunquam
888 925 1056 983 somniavit.
1088 926 1119 984 Si
1138 946 1234 1004 qaan-
1263 966 1280 1005 ¹-

76 1052 78 1065 ι
125 1017 164 1075 do
194 1018 380 1094 inrumpat,¹
375 1028 431 1078 ut
451 1038 506 1077 nos
526 1037 647 1098 quoque
667 1021 783 1081 scholia
801 1023 940 1100 edamus,
961 1027 999 1086 dc
1022 1043 1082 1104 quo
1098 1028 1235 1089 nondum

125 1130 211 1181 certo
235 1120 441 1194 decrevimus,
464 1119 574 1198 (inviti
586 1131 686 1182 sutem
703 1125 856 1201 faciemus3
874 1146 943 1185 cum
955 1128 1077 1187 edemus
1086 1127 1115 1224 ,)
1132 1149 1236 1188 servs-

123 1225 227 1282 bimus
245 1223 369 1302 quidem
392 1221 540 1281 ordinem
545 1223 683 1282 editionis
698 1226 865 1301 Patisium,
887 1234 973 1287 nova
991 1240 1109 1305 autem,
1128 1224 1204 1310 quae
1217 1224 1237 1292 c

125 1327 278 1385 bernried
297 1325 419 1397 codice,
434 1323 571 1404 itemque
586 1324 624 1384 ex
645 1325 822 1405 Angrutsno
836 1331 1017 1408 prodemus,
1041 1353 1077 1391 es
1098 1352 1237 1411 quaeque

127 1429 277 1502 seorsim,
289 1434 337 1486 'eo
353 1427 458 1485 ordine
467 1469 487 1501 ,.
499 1434 536 1487 ut
553 1426 585 1485 in
602 1429 709 1487 codice
724 1431 1045 1508 quoqusittvenimus,
1058 1432 1234 1511 prodemus.

126 1520 347 1602 Scholishaee,
360 1536 396 1587 ut
405 1530 439 1587 ist
456 1529 523 1587 sliis'
536 1528 727 1606 editionibus,
739 1531 822 1590 ituin
832 1531 891 1590 hac
908 1552 1027 1611 quoque
1036 1533 1117 1592 ultra
1133 1531 1237 1593 Timo-

126 1637 265 1690 cratearir
288 1631 546 1709 non'procedunt.
570 1632 645 1691 Nam
659 1652 735 1711 quae
756 1635 795 1692 ad
810 1634 993 1712 posteriores
1015 1636 1165 1694 orationes
1180 1636 1236 1694 ad-

125 1738 236 1811 spersu
254 1743 343 1808 sunt,
369 1733 531 1812 ea'oppide
549 1751 648 1813 pauco
664 1744 752 1807 srmt',
773 1735 829 1792 vix
850 1733 957 1792 decem'
971 1733 1109 1808 omnino,
1133 1744 1164 1792 et
1177 1737 1237 1796 mi-

125 1834 201 1894 nimi
215 1834 370 1907 ferienda.
411 1834 553 1894 Procedit
575 1835 619 1892 sic
639 1841 716 1914 opus
728 1846 825 1914 nsque
842 1834 882 1893 ad
896 1835 1008 1912 1¹·l89·
1023 1854 1085 1892 non
1100 1851 1135 1893 eo·
1152 1837 1237 1895 ordi-

126 1958 180 2010 ne,
208 1942 305 2016 quem
324 1934 450 1994 Wolfius
471 1935 502 1993 iu
530 1944 615 1994 mum
636 1935 797 1996 editionem
821 1932 1095 2013 importavit‚'sed
1108 1934 1235 2014 ‚meina

125 2039 337 2119 quemjetism
352 2038 485 2117 reliquae
504 2037 653 2099 editiones
674 2045 796 2116 praeter
812 2036 989 2096 Wollianam
1012 2058 1115 2129 omnes
1133 2054 1238 2102 serva-
1286 2102 1292 2113 s
1360 2092 1365 2111 ,

124 2134 212 2200 runt.
237 2140 337 2199 Prima
357 2139 521 2214 wolfisna,
547 2158 607 2218 qua
629 2160 736 2211 careo,
758 2139 784 2197 si
801 2138 945 2217 epistolas
958 2140 1163 2217 Demosthenis
1176 2165 1238 2203 non

115 2251 232 2316 tenet,
245 2241 284 2300 de
298 2261 358 2321 quo
371 2239 645 2320 videnum-quibus
659 2239 747 2318 copia
757 2240 874 2318 primae
888 2239 1053 2300 Wolfianse
1069 2252 1123 2318 est,
1138 2240 1246 2322 prima¹

128 2344 224 2404 dedit‘
235 2364 286 2402 eas
301 2343 451 2403 Parisino:
482 2330 553 2401 nani
572 2342 606 2400 in
627 2341 760 2422 epistolis
775 2340 983 2401 Demosthenis
998 2342 1066 2402 finit
1077 2343 1154 2403 haec
1172 2347 1238 2406 edi-

123 2447 183 2506 tio.
208 2445 451 2505 Msnmsaatoco
467 2444 608 2524 adjectae
617 2452 687 2501 sunt
701 2443 802 2502 variae
816 2444 999 2503 lectioneset
1014 2456 1103 2506 notae
1118 2449 1151 2507 in
1168 2462 1239 2508 ora·

125 2553 233 2609 tiones
244 2545 453 2607 Demosthenis
468 2556 499 2606 et
510 2547 544 2604 in
554 2541 672 2604 ¹scb'olia
689 2544 818 2625 Ulpiani.
840 2544 1016 2625 Videbimus
1031 2549 1070 2609 de
1082 2547 1130 2608 bis
1144 2553 1238 2628 paulo

126 2639 214 2730 p'ost.
259 2646 391 2708 Instituit
408 2647 552 2706 Marullus
576 2646 954 2709 orationes-Demosthenis
976 2650 1009 2708 in
1029 2651 1238 2729 paragraphos

129 2749 288 2823 dividere,
308 2749 420 2828 quibus
441 2750 560 2808 numeri
585 2752 633 2810 sui
656 2760 727 2809 sunt
741 2750 773 2808 in
789 2751 921 2826 margine
942 2751 1079 2810 interiori
1095 2753 1236 2831 appositi.
1316 2796 1321 2804 .

127 2850 167 2909 ln
182 2850 330 2911 exteriori
345 2859 416 2908 sunt
437 2850 528 2910 iidem
544 2850 664 2913 numeri
687 2850 809 2911 scholiis
816 2851 937 2923 additi,
961 2871 1021 2927 quo
1037 2851 1137 2906 statim
1153 2851 1239 2907 inve-

101 3005 106 3019 ,
129 2951 198 3010 niri
219 2960 320 3029 posset
326 2984 335 3025 ,·
353 2966 415 3029 quo
438 2949 586 3010 scholium
598 2950 739 3029 quodque
754 2950 944 3008 referendum
958 2959 1051 3025 esset;
1080 2949 1182 3009 variae
1195 2952 1241 3008 le-

133 3052 253 3111 ctiones
265 3052 432 3111 adtentum
445 3053 630 3132 pertinentes
646 3059 798 3130 occupant
809 3051 973 3128 marginem
986 3045 1170 3126 interiorem,
1184 3042 1243 3112 ex4

129 3149 279 3214 teriorem
292 3164 392 3214 autem
405 3174 474 3229 ese,
490 3174 567 3234 quae
581 3155 624 3214 ad
638 3153 753 3215 scholia
768 3153 916 3222 redeunt.⁸
928 3155 1001 3213 Pars
1016 3174 1065 3228 ea,
1084 3173 1173 3232 quam
1186 3170 1243 3212 cus
1327 3140 1330 3147 ¹

131 3256 218 3316 ravit
232 3253 395 3331 morellis,
417 3258 521 3316 multis
537 3258 641 3316 modis-
651 3265 786 3335 praestat
798 3255 1052 3335 p‘srtipoststiori
1064 3266 1082 3313 s
1094 3255 1242 3316 Lumbino
1297 3254 1299 3259 ’

97 3358 104 3371 ’
135 3364 271 3419 eruntne.
293 3357 496 3418 chartarum
487 3368 554 3438 ipsa
567 3359 807 3431 formanovum,
827 3355 881 3416 sed
895 3356 1073 3421 deteriorem
1087 3357 1242 3421 domiuum
1351 3434 1358 3444 ,

135 3471 168 3520 et
182 3459 422 3538 gubernatorem
432 3460 546 3540 prodit.
578 3458 729 3518 Chartae
721 3479 753 3517 rn
766 3466 853 3537 parte
869 3456 1045 3545 Morelliaua
1058 3467 1129 3517 sunt
1139 3457 1242 3519 firmae
1346 3526 1349 3533 Ι

136 3573 168 3622 et
190 3561 354 3637 candidae,
370 3562 500 3640 inparte
522 3580 573 3634 ea,
597 3561 648 3619 cui
665 3561 824 3640 praefuere
841 3552 1000 3617 Lambinus
1022 3568 1053 3617 et
1065 3559 1242 3634 benenatus,

136 3673 213 3722 sunt
224 3667 346 3737 tenues,
358 3662 524 3738 flaccidae,
534 3661 677 3736 bibulae,
689 3659 839 3720 sordidae.
861 3660 902 3719 'ln
894 3661 1011 3775 priori
1021 3665 1108 3740 parte
1119 3682 1181 3720 non
1194 3681 1243 3718 sa-

136 3765 178 3824 tis
192 3765 299 3826 mirari
312 3784 437 3844 possum
446 3764 685 3825 'demonstratam
699 3762 852 3822 ahloreilo
870 3740 1068 3840 diligentiam,
1093 3761 1133 3820 ad
1143 3763 1244 3820 minu-
1282 3770 1285 3777 ’

138 3854 200 3926 tiiss
218 3884 307 3946 saepe
323 3858 530 3942 delabentemj
556 3865 648 3925 obsiti
668 3873 740 3924 sunt
757 3862 937 3943 spississima·
958 3864 1046 3946 copia
1062 3862 1244 3921 variantium

138 3970 291 4047 margines
302 3969 383 4027 illius
401 3968 515 4046 primae
528 3971 623 4045 partis
632 3991 641 4046 3
665 3967 794 4039 codices,
811 3966 892 4026 unde
910 3983 1046 4045 quaeque
1061 3961 1151 4022 lectio
1167 3973 1245 4020 esset

139 4081 261 4145 sumta,
282 4070 417 4129 indicati.
456 4069 491 4128 Iu
510 4070 801 4148 pmtebsmbiniaua
817 4070 912 4128 multa
931 4069 1064 4128 rariores
1084 4063 1244 4122 varietates

138 4173 300 4247 lectionis,
315 4182 345 4232 et
360 4193 434 4252 quae
444 4171 572 4232 tandem
585 4172 766 4247 afferuntur,
787 4191 889 4230 earum
899 4187 996 4248 paene
1009 4164 1122 4244 ubique
1135 4165 1245 4224 retice-

141 4285 196 4336 tur
209 4277 392 4357 auctoritem
412 4273 700 4358 pleraeque-harum·
711 4285 781 4336 sunt
795 4282 848 4334 aut
862 4263 1027 4348 rabidius-,-
1044 4276 1141 4329 sutex
1146 4266 1247 4326 Obso-
