2776 4748
419 239 422 243 >
458 210 515 272 ιιι
542 155 906 273 »znoemensis
1167 228 1235 272 svn
1299 295 1302 300 .

125 388 166 444 sit
187 381 271 451 enim
291 383 328 445 in
348 381 461 451 medias
482 376 556 455 νοιὶς
570 375 853 464 συμβουλευτικούς.
897 379 1036 457 Veteres,
1061 402 1236 461 equorum
1276 417 1278 422 .
1354 376 1384 407 ³

123 485 222 549 modo
244 485 400 547 dividendi
416 485 609 559 recessimus,
630 484 675 543 ita
698 476 836 544 solebant
855 484 1005 545 orationes
1024 486 1236 553 ¹Demxdistri-
1307 491 1312 508 '

125 573 245 661 heere,
266 577 343 665 qnae
364 586 535 646 distributio
554 589 674 646 servata
694 596 739 646 est
757 588 790 647 in
803 587 950 646 Bavarioo
965 589 1085 662 codice,
1107 599 1142 647 ut
1160 590 1236 649 eiiee

84 722 86 729 ι
126 697 234 748 essent
255 681 340 770 λὸγοι
360 683 577 766 ’ολννθιοικοὶ,
606 689 656 750 alii
676 688 868 767 Φιλιππικοὶ,
900 690 952 749 alii
975 693 1235 770 συμβουλευτικοὶ,

127 788 182 867 elii
203 782 365 869 δημόσιοι,
388 790 437 850 aiii
460 791 675 873 κορογροιφοὶ,
705 790 754 849 alii
773 791 980 872 inertissimi,
1003 793 1054 852 alii
1076 795 1233 859 ἰδιωτικοὶ.

127 890 221 963 Quae
247 891 308 950 sint
330 890 544 970 Olynthiaeae,
575 912 653 971 quae·
677 890 888 972 Philippicae,
917 913 986 953 cum
1019 905 1133 955 constet
1155 900 1235 957 inter
1317 894 1335 936 -’

86 1076 88 1081 Ι
128 992 303 1067 emeramni]
313 993 424 1053 'attinet
438 994 548 1055 dicere.
570 996 610 1060 Οἱ
625 995 875 1075 συμβουλευτικοὶ
891 1006 963 1056 sunt
973 997 1043 1078 ιἰιρὶ
1057 975 1234 1076 συνκοὶξεοις,Ι

128 1085 210 1174 net
224 1095 417 1177 σνιιμοριιλν,
432 1082 512 1176 dude
522 1099 797 1178 Μεγαλοπολιτῶν,
819 1089 895 1178 sinin
911 1082 1033 1171 ‘Pedion
1048 1099 1234 1180 ἐλευθερίας,
1328 1146 1332 1164 .

128 1193 202 1272 περὶ
219 1199 285 1261 κιλν
304 1193 383 1277 πρὸς
405 1188 607 1279 Ἀλέξανδρον
629 1203 802 1276 συνθηκῶν.
847 1198 1028 1258 Orationes
1019 1221 1050 1259 ιιι
1064 1201 1162 1259 causis
1176 1222 1237 1281 pu·

128 1296 221 1363 blicis
240 1287 337 1360 dietae
350 1308 429 1374 eunt,
440 1299 473 1359 in
485 1299 633 1360 Bavarico
648 1297 769 1376 quidem
785 1299 902 1360 codice
897 1345 907 1375 ,
924 1300 981 1360 hae
999 1311 1028 1360 et
1040 1299 1101 1361 hoc
1115 1304 1237 1364 ordine·

131 1393 231 1464 moi
229 1380 468 1483 Ἀνδροτίωνος,
484 1400 552 1482 περὶ
573 1405 629 1463 τοῦ
643 1395 820 1483 στεφάνου,
836 1402 971 1484 περὶτῆς
984 1394 1236 1488 παραπρεσβείας,

116 1497 217 1586 ,πρὸς
241 1503 408 1589 Αειικὶνῃι,
429 1499 516 1571 κακοὶ.
527 1503 673 1578 Μειδίου,
694 1496 772 1565 κακοὶ
794 1493 1067 1585 Ἀριστοκράτους,
1086 1505 1163 1570 κατὰ
1190 1514 1238 1571 Te-

135 1595 424 1688 poeniteamus&
441 1598 708 1684 'Apseeoyelrovoe
753 1604 920 1680 Epitrepici
934 1617 1020 1680 sunt,
1036 1629 1089 1683 seu
1104 1609 1141 1668 de
1156 1620 1239 1685 gesta

136 1706 308 1779 sni'tutela‚
322 1714 410 1766 oratt.
427 1707 506 1777 dnae
516 1703 548 1763 in
560 1702 736 1782 Aphobum,
757 1723 815 1781 pro
830 1703 950 1791 Phene,
976 1716 1007 1764 et
1019 1706 1096 1766 duae
1110 1709 1142 1768 in
1158 1709 1240 1768 One-

137 1815 243 1867 torem.
278 1806 485 1887 Peragrapbae
497 1826 551 1866 seu
570 1805 776 1888 exceptoriee,
789 1802 897 1882 quibus
911 1804 1099 1882 defenditur,
1118 1830 1240 1871 causam
1346 1837 1349 1842 ⁴

137 1910 174 1969 ad
186 1912 291 1971 ferum
308 1911 429 1973 οιιιιιλιιο
444 1920 497 1970 aut
516 1909 555 1968 ad
574 1908 634 1968 hoe
646 1908 747 1975 iorum
766 1927 827 1966 non
841 1926 933 1991 posse
943 1909 1067 2001 pacari,
1083 1921 1155 1969 sunt
1167 1910 1240 1971 hae:
1291 1907 1294 1910 ’
1332 1892 1343 1899 '¹

138 2012 167 2070 in
183 2011 381 2072 Zenothemin
388 2056 396 2087 ‚
408 2013 441 2070 in
454 2011 649 2090 Apaturium,
669 2009 702 2068 in
713 2008 938 2083 Phormionem,
952 2009 984 2067 in
996 2010 1148 2091 Lacritum
1155 2057 1164 2087 ,
1180 2003 1240 2091 pro

138 2112 335 2188 Phormione,
354 2117 387 2173 in
404 2115 630 2187 Pantaenetum,
652 2113 684 2170 in
702 2109 941 2173 Nausimachum.
985 2112 1105 2191 Idiotici
1127 2136 1180 2175 seu
1201 2117 1242 2175 de
1326 2178 1331 2187 ,

84 2232 86 2241 ·
140 2216 237 2274 causis
252 2215 379 2296 privatis
397 2226 516 2294 agentes
532 2225 604 2275 ermt
622 2214 755 2291 reliquae
774 2233 884 2272 omnes.
928 2213 985 2272 Hic
999 2222 1046 2275 est
1058 2215 1133 2274 ordo
1154 2196 1241 2275 codi-

139 2319 180 2377 cis
196 2319 357 2393 Bavariei,
380 2338 442 2377 non
464 2318 583 2399 omnino
602 2318 723 2377 limatus
741 2316 793 2375 ille
815 2316 950 2399 quidem²
969 2325 1107 2377 vetustus
1131 2317 1259 2378 tenens
1293 2326 1296 2332 ’

139 2417 246 2489 Melius
266 2429 370 2491 tamen
380 2419 584 2498 Augustanus,
611 2415 693 2499 quod
710 2419 743 2477 in
762 2419 861 2498 capite
873 2417 1061 2496 privatarum
1082 2439 1242 2503 causarum

137 2523 307 2582 orationem
320 2521 352 2580 in
368 2522 520 2581 Cononem
534 2524 645 2601 posuit.
690 2521 831 2580 Solebant
846 2518 925 2578 enim
940 2528 1073 2595 veteres,
1089 2530 1125 2579 ut
1138 2521 1241 2600 publi·
1284 2534 1292 2545 ‘

141 2643 246 2713 cartem
264 2624 500 2703 primamloeo,
521 2644 584 2683 non
608 2622 791 2706 praestantia
801 2619 988 2710 principem,
1007 2622 1109 2682 facere
1120 2619 1242 2680 Andro-
1341 2626 1352 2638 “

141 2725 294 2799 tioneam,
313 2725 356 2784 sic
370 2726 556 2804 privatarum
573 2727 606 2786 in
620 2720 717 2805 capite
729 2740 841 2803 ponere
854 2720 1037 2795 Genoneam,
1050 2731 1096 2793 nt
1111 2723 1243 2784 omnium

141 2845 178 2884 ex
196 2810 256 2887 boc
276 2826 369 2886 classe
386 2825 609 2893 nobilissimam.
653 2826 735 2906 Haec
756 2842 854 2907 penca
867 2823 917 2881 de
947 2823 1244 2889 ordine-orationum
1287 2858 1291 2863 ·
1321 2899 1326 2907 ι

140 2927 225 3003 Dem.
243 2936 333 3005 atque
346 2926 558 2986 distributione
571 2929 603 2986 in
617 2927 703 2986 libris
714 2924 843 2983 vetustis
856 2923 1018 2983 obtinente.
1045 2925 1133 2984 Nunc
1151 2925 1243 2986 redeo

88 3084 92 3091 .
142 3013 311 3106 adreliqua
324 3027 559 3112 exsequendum,
580 3049 662 3106 quae
680 3026 718 3086 de
738 3023 1026 3109 epdicehugustrme
1047 3026 1177 3087 dicenda
1191 3046 1244 3086 su·
1308 3048 1310 3057 ·

114 3202 117 3205 ¹
139 3137 278 3210 pereunt.
323 3130 457 3199 (larebat,
467 3129 646 3209 pleramque
658 3128 812 3208 spiritibus
827 3137 858 3188 et
869 3127 1050 3199 accentibus.
1092 3129 1174 3188 Rara
1189 3140 1245 3206 ap'-

140 3231 269 3311 parebat
294 3250 398 3290 manus
420 3231 594 3292 'correctrix
638 3231 736 3290 Locus
755 3251 834 3289 nnus
854 3252 873 3306 a,
887 3250 965 3291 nova
984 3249 1075 3288 manu
1095 3238 1158 3288 erat
1170 3242 1252 3308 sup-‘

141 3333 243 3412 platus
264 3331 383 3411 liquore
409 3332 500 3392 viridi
519 3353 551 3412 p.
573 3336 645 3398 673.
667 3339 718 3398 32.
762 3324 961 3410 Peragrephis
983 3330 1141 3390 distinctae
1160 3341 1246 3391 erent
1299 3333 1303 3337 ’

118 3460 121 3464 ’
143 3429 306 3495 orationes.
337 3435 485 3495 Indicium
503 3454 599 3493 novae
623 3432 806 3514 paragraphi
828 3433 999 3515 erat'plitere
1024 3423 1109 3491 extra
1123 3452 1245 3491 versum

142 3537 332 3615 prominens,
354 3528 443 3596 etiem
454 3539 485 3596 in
501 3537 599 3595 media
611 3528 687 3595 voce
694 3558 704 3612 ι
716 3535 754 3594 de
770 3554 831 3613 quo
843 3554 925 3593 more
938 3534 999 3593 vid.
1016 3533 1114 3594 Voles.
1130 3533 1170 3592 ad
1182 3535 1246 3592 Eu-

144 3638 272 3697 sebium
314 3639 494 3717 Plerumque
514 3658 576 3696 non
597 3638 674 3696 male
694 3637 872 3698 distributae
885 3644 970 3694 erant
984 3633 1040 3694 hae
1054 3619 1246 3715 paragraphi,

145 3740 300 3800 interdum
325 3750 424 3800 tamen
449 3740 538 3832 etiam
561 3739 730 3799 admodmn
750 3738 931 3798 absurdam
960 3739 1058 3797 media
1085 3735 1248 3808 sententia3

146 3842 272 3901 crebrae
293 3841 364 3900 alies
375 3887 383 3916 ,
406 3843 477 3900 alias
498 3826 600 3918 rarae,
630 3842 736 3911 breves
755 3820 918 3918 quaedem,
941 3840 1015 3898 aliae
1033 3835 1247 3914 longiusculam,

146 3954 183 4002 ut
201 3964 291 4023 saepe
310 3943 393 4020 npile
414 3942 491 4000 ratio
509 3952 668 4021 appareret
684 3915 738 4021 hnj
740 3959 776 4022 ιιι
794 3941 827 4002 in
840 3931 1004 4002 dividendo
1019 3938 1245 4008 inconstantiae.
1300 3958 1303 3963 ·

147 4045 211 4124 Ego
226 4054 342 4122 tamen,
360 4055 396 4105 ut
409 4042 445 4103 de
458 4051 594 4102 veterum
606 4045 721 4104 ratione
732 4012 827 4104 libros
841 4043 1047 4104 Demosthenis
1063 4039 1248 4116 distingnen
1335 4124 1337 4127 v

149 4145 182 4204 di
195 4148 282 4206 nobis
300 4154 463 4218 constaret,
484 4145 646 4206 servandas
663 4157 752 4224 atque
767 4143 1037 4240 repraesentandos
1043 4141 1102 4200 hac
1118 4141 1248 4200 editione

148 4269 214 4310 mee
231 4249 305 4310 duxi
317 4249 385 4334 illas
400 4247 763 4335 montanamque
775 4244 1058 4357 paragraphorum
1049 4245 1151 4322 mitia,
1173 4262 1249 4323 quae
