2776 4748
63 210 68 219 '
136 252 234 296 anxa
528 192 822 280 'enannamo

225 403 380 482 Typorum
397 414 517 477 quoque
528 403 565 452 ut
574 390 724 471 specimen
737 385 884 445 haberent
898 381 1006 441 harum
1018 395 1119 442 rerum
1135 398 1240 438 aman·

55 550 58 557 ·
139 496 194 583 tes,
210 505 307 582 delegi
322 505 347 561 ei
360 501 405 560 rei
418 498 536 558 initium
548 491 745 573 Olynthiacae
758 488 887 571 primae,
905 484 1012 543 omissa
1027 484 1125 563 prima
1137 482 1242 575 littera

141 635 178 684 α,
201 628 277 687 quae
297 615 340 664 est
357 607 388 662 in
402 621 471 660 area
490 616 587 657 uacua
601 594 721 665 seorsim
734 591 849 671 posita,
873 586 944 665 quia
958 585 1080 681 latiores
1102 592 1170 639 sunt
1186 602 1240 659 pa-

32 678 63 791 Ι,
142 712 227 789 ginae
242 703 385 785 Ald.·(ut
407 722 483 782 quae
505 701 618 758 formae
638 695 745 755 sintin
765 692 867 762 Folio,
889 697 924 759 ut
946 688 1038 775 uulgo
1058 681 1243 775 appellantp

143 832 234 893 quam
247 809 304 869 hae
319 816 440 866 nostrae
453 805 485 862 in
503 811 619 860 octavo.
649 799 805 875 Typorum
821 793 964 862 sormam,
982 809 1041 865 qua
1054 787 1172 865 potuit,
1193 806 1243 842 ar-

142 915 218 973 tifex
237 931 320 972 meus
340 910 472 967 imitatus
493 915 552 977 est,
573 922 634 960 non
652 900 704 958 ille
729 896 848 976 quidem
870 913 925 972 per
949 890 1047 949 omnia
1073 887 1243 946 felicissime

144 1036 242 1094 neque
261 1011 449 1083 fidelissime,
467 1005 564 1085 utqui
578 1023 682 1080 graeca
697 1020 758 1057 uon
775 984 897 1056 calleret
906 1040 916 1068 ,Α
936 996 978 1052 sic
993 999 1092 1055 tamen
1108 988 1195 1062 satis,
1210 997 1245 1045 ut

66 1110 68 1115 ¹
145 1118 259 1192 saltim,
284 1116 317 1172 id
338 1113 421 1190 quod
442 1111 529 1177 volo,
552 1105 710 1163 discrimen
734 1101 891 1178 utriusque
913 1094 1052 1155 editionis
1074 1099 1243 1170 appareret.

64 1234 71 1241 “
86 1226 90 1231 ’
129 1220 267 1280 ,Initium
278 1216 379 1293 itaque
387 1209 582 1290 Olynthiacae
593 1191 707 1286 primae
720 1205 751 1262 in
766 1201 902 1280 exemplo
917 1195 1083 1259 vetustiore
1097 1191 1157 1250 hoc
1167 1201 1222 1251 est:

186 1403 590 1541 Rdmidssvuioiouidffitr
602 1411 944 1513 &diodoridmtoirmv
959 1408 1214 1517 iudsinfoipvo·

188 1545 743 1662 'diondpaodpivpidotcdps'imor
766 1541 982 1648 nnumin]
1000 1523 1215 1630 edidisti&

71 1678 75 1689 ’
179 1655 1006 1787 ‚ammenta-istpivmrie‘imsi'rdmgooind
1026 1662 1217 1770 necamus

147 1918 184 1981 Iu
198 1917 364 1976 recentiore
382 1924 482 1989 ,autem
499 1924 543 1972 est
557 1913 748 1994 hujusmodi:

187 2066 1062 2207 iemmnaunauummmwsm
1088 2088 1228 2199 saun

191 2216 356 2308 repeliunt
369 2205 624 2311 pontiiviiinu
637 2208 1109 2322 imiuoreswu'auvuftue‘ltd,
1158 2241 1215 2298 nt!
1271 2216 1273 2220 ⁷

191 2336 338 2431 'dinen
357 2339 567 2423 mendatis
580 2355 677 2437 eum
695 2339 836 2423 metros
850 2338 941 2438 ixcx,
968 2345 1114 2448 niam<
1146 2345 1215 2421 nit

217 2647 279 2708 tte
292 2666 348 2725 per
361 2646 455 2703 multa
470 2665 534 2703 eam
542 2689 550 2718 ‚
563 2645 678 2704 infinita
698 2647 777 2718 enim
791 2656 869 2722 sunt,
884 2640 1141 2706 vetustae'versus
1160 2645 1253 2724 paulo

152 2760 223 2810 sunt
243 2749 391 2825 longiores
424 2757 453 2805 et
478 2747 587 2825 pagina
612 2768 730 2827 quaque
751 2733 926 2826 pauciores:
953 2749 994 2833 15¹¹
1013 2749 1113 2828 prima
1133 2747 1254 2826 quidem

151 2855 260 2934 pagina
276 2851 388 2930 primae
410 2847 609 2927 Olynthiacae
630 2850 785 2909 numeravi
797 2855 848 2914 41.
879 2851 913 2908 ln
927 2870 1005 2908 nova
1019 2860 1117 2909 autem
1131 2849 1254 2908 brevio-

151 2939 215 3029 ies,
239 2956 292 3014 sed
314 2972 438 3012 numero
460 2953 577 3030 plures:
606 2953 763 3011 numeravi
779 2953 855 3009 enim
869 2953 901 3009 in
914 2952 1022 3030 pagina
1039 2953 1141 3021 eadem
1155 2952 1255 3032 prima

151 3075 255 3137 versus
268 3046 318 3119 43.
362 3054 405 3110 De
419 3053 543 3130 reliquis
560 3056 676 3130 paginis
692 3074 833 3131 quaerere
849 3054 891 3111 nil
904 3054 1059 3128 laboravi,
1073 3073 1255 3132 quamquam

151 3157 305 3235 suspicor,
327 3174 382 3232 per
398 3162 497 3212 totum
510 3136 621 3211 librum
636 3154 741 3211 eodem
754 3155 844 3211 modo
861 3175 891 3212 se
906 3175 971 3214 rem
984 3155 1105 3214 habere.
1141 3154 1255 3214 Obser-

150 3258 220 3317 vavi
236 3276 357 3335 quoque
374 3254 458 3313 aliud
480 3275 569 3332 agens
582 3253 697 3330 insigne
711 3256 869 3332 utriusque
896 3257 1033 3315 editionis
1050 3257 1210 3316 discrimen
1224 3256 1256 3314 iu

149 3360 259 3438 pagina
270 3358 344 3415 tomi
355 3357 446 3436 primi
462 3367 605 3430 extrema,
622 3359 706 3435 320„
723 3357 775 3414 ubi
791 3368 997 3435 argumentum
1003 3359 1119 3443 Libanii
1133 3334 1174 3417 ad
1187 3379 1256 3435 ora-¹

11 3452 15 3474 ¹
87 3496 90 3500 Δ
139 3461 247 3549 ”tiones
267 3459 342 3517 duas
365 3461 397 3518 in
416 3459 647 3535 Aristogitonem
666 3458 790 3533 legum,
812 3457 895 3535 quod
920 3470 1127 3538 argumentum
1147 3458 1257 3539 incipit

150 3584 168 3627 41
187 3560 305 3618 nomine
328 3557 538 3641 Πυθάγγελος.
582 3559 649 3616 Hoc
666 3579 775 3617 nomen
792 3568 890 3618 totum
909 3570 1035 3638 apparet
1049 3562 1081 3619 in
1093 3560 1138 3633 A‚·
1157 3562 1256 3639 prima

152 3660 253 3718 littera
264 3682 287 3720 π
304 3663 426 3718 seorsim
440 3663 471 3720 in
488 3682 555 3720 area
566 3680 664 3719 vacua
677 3663 783 3738 posita.
813 3662 872 3720 Sed
893 3664 925 3720 in
940 3664 964 3719 B
980 3663 1057 3721 illud
1070 3686 1093 3724 π
1106 3682 1168 3720 non
1183 3683 1256 3720 con-

153 3761 296 3841 spicium,
324 3763 413 3840 plane
436 3762 517 3820 nuda
537 3762 643 3820 relicta
658 3763 717 3825 ,illa
738 3783 823 3839 area3
858 3765 1064 3823 tantummodo
1088 3760 1258 3846 υθᾶγγελος

152 3863 273 3942 legitur.
319 3863 398 3935 Quia
416 3864 490 3922 mihi
511 3865 624 3923 librum
645 3866 824 3923 variantium
849 3864 1143 3925 Demosthenicarum
1167 3864 1258 3922 ador-

153 3967 238 4024 nanli
252 3965 342 4026 editio
356 3965 427 4025 Aldi
442 3965 588 4024 vetustior
606 3967 644 4024 ad
655 3988 761 4026 manus
776 3968 909 4027 nondum
925 3977 1002 4041 erat,
1021 3967 1156 4024 nondum
1169 3948 1267 4045 potui

49 4068 54 4077 ‘
154 4063 298 4127 lectiones
320 4070 383 4149 ejus
406 4067 543 4128 inillam
563 4068 674 4128 librum
692 4071 814 4130 referre.
839 4071 965 4128 Dabitur
981 4079 1082 4128 tamen
1098 4086 1207 4147 opera,
1222 4070 1259 4125 ui

157 4165 362 4246 discrepantes
382 4171 540 4250 utriusque
568 4170 711 4231 lectiones
735 4173 891 4250 diligenter
919 4180 1055 4229 enotatae
1079 4172 1110 4228 in
1131 4169 1275 4255 materia·

43 4306 47 4315 ·
157 4287 239 4350 mea,
252 4290 342 4353 quam
359 4275 497 4356 appello,
513 4274 618 4364 critica
634 4274 829 4339 exhibemus
834 4319 844 4354 ,
864 4281 899 4335 ut
911 4292 1002 4336 eausa
1017 4273 1160 4355 deinceps
1172 4271 1261 4334 sutu-
