<?xml version="1.0" encoding="UTF-8"?>
<!DOCTYPE html PUBLIC "-//W3C//DTD XHTML 1.0 Transitional//EN"
    "http://www.w3.org/TR/xhtml1/DTD/xhtml1-transitional.dtd">
<html xmlns="http://www.w3.org/1999/xhtml" xml:lang="en" lang="en">
 <head>
  <title>
</title>
<meta http-equiv="Content-Type" content="text/html;charset=utf-8" />
  <meta name='ocr-system' content='tesseract 3.04.00' />
  <meta name='ocr-capabilities' content='ocr_page ocr_carea ocr_par ocr_line ocrx_word'/>
</head>
<body>
  <div class='ocr_page' id='page_1' title='image "./demosthenisquae05schgoog_0013.png"; bbox 0 0 2776 4748; ppageno 0'>
   <div class='ocr_carea' id='block_1_1' title="bbox 207 360 1319 478">
    <p class='ocr_par' dir='ltr' id='par_1_1' title="bbox 207 360 1319 478">
     <span class='ocr_line' id='line_1_1' title="bbox 207 360 1319 478; baseline -0.002 -24"><span class='ocrx_word' id='word_1_1' title='bbox 207 373 342 470; x_wconf 85' lang='lat' dir='ltr'><strong>modo,</strong></span> <span class='ocrx_word' id='word_1_2' title='bbox 369 400 489 478; x_wconf 88' lang='lat' dir='ltr'><strong>neque</strong></span> <span class='ocrx_word' id='word_1_3' title='bbox 523 360 859 467; x_wconf 66' lang='lat' dir='ltr'><strong>commendatoria,</strong></span> <span class='ocrx_word' id='word_1_4' title='bbox 887 369 951 446; x_wconf 89' lang='lat' dir='ltr'><strong>sed</strong></span> <span class='ocrx_word' id='word_1_5' title='bbox 976 361 1082 473; x_wconf 86' lang='lat' dir='ltr'><strong>plane</strong></span> <span class='ocrx_word' id='word_1_6' title='bbox 1116 377 1220 451; x_wconf 83' lang='lat' dir='ltr'><strong>etiam</strong></span> <span class='ocrx_word' id='word_1_7' title='bbox 1254 408 1319 452; x_wconf 79' lang='lat' dir='ltr'><strong>ne·</strong></span> 
     </span>
    </p>
   </div>
   <div class='ocr_carea' id='block_1_2' title="bbox 39 493 1319 719">
    <p class='ocr_par' dir='ltr' id='par_1_2' title="bbox 39 493 1319 719">
     <span class='ocr_line' id='line_1_2' title="bbox 82 493 1319 588; baseline -0.006 -14"><span class='ocrx_word' id='word_1_8' title='bbox 82 521 114 538; x_wconf 85' lang='lat'><strong>&#39;¹</strong></span> <span class='ocrx_word' id='word_1_9' title='bbox 208 497 396 572; x_wconf 83' lang='lat' dir='ltr'><strong>cessariam</strong></span> <span class='ocrx_word' id='word_1_10' title='bbox 433 496 649 570; x_wconf 82' lang='lat' dir='ltr'><strong>redditurae.</strong></span> <span class='ocrx_word' id='word_1_11' title='bbox 702 497 748 569; x_wconf 89' lang='lat' dir='ltr'><strong>Et</strong></span> <span class='ocrx_word' id='word_1_12' title='bbox 781 517 839 588; x_wconf 87' lang='lat' dir='ltr'><strong>te,</strong></span> <span class='ocrx_word' id='word_1_13' title='bbox 872 493 1048 587; x_wconf 77' lang='lat' dir='ltr'><strong>Asxnwr,</strong></span> <span class='ocrx_word' id='word_1_14' title='bbox 1088 519 1229 569; x_wconf 88' lang='lat' dir='ltr'><strong>tantum</strong></span> <span class='ocrx_word' id='word_1_15' title='bbox 1265 501 1319 573; x_wconf 73' lang='lat' dir='ltr'><strong>vi-</strong></span> 
     </span>
     <span class='ocr_line' id='line_1_3' title="bbox 39 612 1316 719; baseline -0.002 -25"><span class='ocrx_word' id='word_1_16' title='bbox 39 700 43 715; x_wconf 49' lang='lat'><strong>,</strong></span> <span class='ocrx_word' id='word_1_17' title='bbox 127 714 131 719; x_wconf 9' lang='grc' dir='ltr'><strong>ἢ</strong></span> <span class='ocrx_word' id='word_1_18' title='bbox 208 645 310 711; x_wconf 87' lang='lat' dir='ltr'><strong>rum,</strong></span> <span class='ocrx_word' id='word_1_19' title='bbox 338 640 494 718; x_wconf 90' lang='lat' dir='ltr'><strong>quantus</strong></span> <span class='ocrx_word' id='word_1_20' title='bbox 519 619 558 690; x_wconf 91' lang='lat' dir='ltr'><strong>in</strong></span> <span class='ocrx_word' id='word_1_21' title='bbox 585 643 659 716; x_wconf 85' lang='lat' dir='ltr'><strong>rep.</strong></span> <span class='ocrx_word' id='word_1_22' title='bbox 686 616 862 688; x_wconf 87' lang='lat' dir='ltr'><strong>litteraria</strong></span> <span class='ocrx_word' id='word_1_23' title='bbox 893 615 1030 685; x_wconf 88' lang='lat' dir='ltr'><strong>meritis</strong></span> <span class='ocrx_word' id='word_1_24' title='bbox 1056 618 1125 687; x_wconf 90' lang='lat' dir='ltr'><strong>tuis</strong></span> <span class='ocrx_word' id='word_1_25' title='bbox 1150 612 1316 717; x_wconf 83' lang='lat' dir='ltr'><strong>cognitus</strong></span> 
     </span>
    </p>
   </div>
   <div class='ocr_carea' id='block_1_3' title="bbox 131 735 1385 2033">
    <p class='ocr_par' dir='ltr' id='par_1_3' title="bbox 131 735 1385 2033">
     <span class='ocr_line' id='line_1_4' title="bbox 210 735 1315 836; baseline 0 -26"><span class='ocrx_word' id='word_1_26' title='bbox 210 765 267 832; x_wconf 88' lang='lat' dir='ltr'><strong>es,</strong></span> <span class='ocrx_word' id='word_1_27' title='bbox 293 741 384 811; x_wconf 90' lang='lat' dir='ltr'><strong>tanti</strong></span> <span class='ocrx_word' id='word_1_28' title='bbox 412 765 470 811; x_wconf 88' lang='lat' dir='ltr'><strong>me</strong></span> <span class='ocrx_word' id='word_1_29' title='bbox 496 740 636 827; x_wconf 88' lang='lat' dir='ltr'><strong>facere,</strong></span> <span class='ocrx_word' id='word_1_30' title='bbox 662 755 704 808; x_wconf 92' lang='lat' dir='ltr'><strong>ut</strong></span> <span class='ocrx_word' id='word_1_31' title='bbox 725 735 968 833; x_wconf 88' lang='lat' dir='ltr'><strong>provinciam,</strong></span> <span class='ocrx_word' id='word_1_32' title='bbox 997 763 1105 832; x_wconf 88' lang='lat' dir='ltr'><strong>quam</strong></span> <span class='ocrx_word' id='word_1_33' title='bbox 1137 737 1212 836; x_wconf 90' lang='lat' dir='ltr'><strong>ipse</strong></span> <span class='ocrx_word' id='word_1_34' title='bbox 1239 758 1315 810; x_wconf 88' lang='lat' dir='ltr'><strong>tute</strong></span> 
     </span>
     <span class='ocr_line' id='line_1_5' title="bbox 206 853 1385 958; baseline -0.003 -29"><span class='ocrx_word' id='word_1_35' title='bbox 206 857 245 930; x_wconf 88' lang='lat' dir='ltr'><strong>in</strong></span> <span class='ocrx_word' id='word_1_36' title='bbox 271 878 306 932; x_wconf 89' lang='lat' dir='ltr'><strong>te</strong></span> <span class='ocrx_word' id='word_1_37' title='bbox 331 859 529 958; x_wconf 81' lang='lat' dir='ltr'><strong>suscepisse</strong></span> <span class='ocrx_word' id='word_1_38' title='bbox 552 883 671 953; x_wconf 82' lang='lat' dir='ltr'><strong>nuper</strong></span> <span class='ocrx_word' id='word_1_39' title='bbox 694 883 714 925; x_wconf 89' lang='lat' dir='ltr'><strong>a</strong></span> <span class='ocrx_word' id='word_1_40' title='bbox 737 856 830 926; x_wconf 87' lang='lat' dir='ltr'><strong>fama</strong></span> <span class='ocrx_word' id='word_1_41' title='bbox 846 853 1040 957; x_wconf 62' lang='lat' dir='ltr'><strong>ferebaris,</strong></span> <span class='ocrx_word' id='word_1_42' title='bbox 1067 855 1104 924; x_wconf 91' lang='lat' dir='ltr'><strong>iu</strong></span> <span class='ocrx_word' id='word_1_43' title='bbox 1128 881 1185 927; x_wconf 88' lang='lat' dir='ltr'><strong>me</strong></span> <span class='ocrx_word' id='word_1_44' title='bbox 1203 878 1315 927; x_wconf 89' lang='lat' dir='ltr'><strong>trans·</strong></span> <span class='ocrx_word' id='word_1_45' title='bbox 1370 902 1385 951; x_wconf 75' lang='lat'><strong>,¹</strong></span> 
     </span>
     <span class='ocr_line' id='line_1_6' title="bbox 206 960 1316 1074; baseline -0.003 -25"><span class='ocrx_word' id='word_1_46' title='bbox 206 979 338 1069; x_wconf 84' lang='lat' dir='ltr'><strong>ferres,</strong></span> <span class='ocrx_word' id='word_1_47' title='bbox 373 974 538 1074; x_wconf 85' lang='lat' dir='ltr'><strong>mihique</strong></span> <span class='ocrx_word' id='word_1_48' title='bbox 571 970 734 1048; x_wconf 83' lang='lat' dir='ltr'><strong>schedas.</strong></span> <span class='ocrx_word' id='word_1_49' title='bbox 752 960 931 1072; x_wconf 81' lang='lat' dir='ltr'><strong>reciperes</strong></span> <span class='ocrx_word' id='word_1_50' title='bbox 964 973 1190 1045; x_wconf 83' lang='lat' dir='ltr'><strong>crediturum</strong></span> <span class='ocrx_word' id='word_1_51' title='bbox 1224 975 1316 1060; x_wconf 84' lang='lat' dir='ltr'><strong>tanti</strong></span> 
     </span>
     <span class='ocr_line' id='line_1_7' title="bbox 204 1092 1313 1196; baseline -0.004 -28"><span class='ocrx_word' id='word_1_52' title='bbox 204 1094 408 1188; x_wconf 82' lang='lat' dir='ltr'><strong>faciendas,</strong></span> <span class='ocrx_word' id='word_1_53' title='bbox 435 1112 570 1194; x_wconf 85' lang='lat' dir='ltr'><strong>ecquae</strong></span> <span class='ocrx_word' id='word_1_54' title='bbox 595 1092 1000 1196; x_wconf 71' lang='lat' dir='ltr'><strong>praejudiciigravitas!</strong></span> <span class='ocrx_word' id='word_1_55' title='bbox 1027 1110 1135 1192; x_wconf 86' lang='lat' dir='ltr'><strong>quam</strong></span> <span class='ocrx_word' id='word_1_56' title='bbox 1154 1093 1313 1191; x_wconf 83' lang='lat' dir='ltr'><strong>splendi-</strong></span> 
     </span>
     <span class='ocr_line' id='line_1_8' title="bbox 206 1211 1327 1310; baseline -0.001 -25"><span class='ocrx_word' id='word_1_57' title='bbox 206 1211 269 1305; x_wconf 90' lang='lat' dir='ltr'><strong>da,</strong></span> <span class='ocrx_word' id='word_1_58' title='bbox 297 1215 325 1285; x_wconf 91' lang='lat' dir='ltr'><strong>si</strong></span> <span class='ocrx_word' id='word_1_59' title='bbox 351 1240 465 1288; x_wconf 86' lang='lat' dir='ltr'><strong>vanus</strong></span> <span class='ocrx_word' id='word_1_60' title='bbox 492 1215 579 1307; x_wconf 91' lang='lat' dir='ltr'><strong>sim,</strong></span> <span class='ocrx_word' id='word_1_61' title='bbox 606 1214 789 1310; x_wconf 81' lang='lat' dir='ltr'><strong>jactantiae</strong></span> <span class='ocrx_word' id='word_1_62' title='bbox 818 1213 1004 1286; x_wconf 80' lang='lat' dir='ltr'><strong>material.</strong></span> <span class='ocrx_word' id='word_1_63' title='bbox 1037 1213 1156 1300; x_wconf 84' lang='lat' dir='ltr'><strong>Quam</strong></span> <span class='ocrx_word' id='word_1_64' title='bbox 1181 1211 1225 1284; x_wconf 89' lang='lat' dir='ltr'><strong>de</strong></span> <span class='ocrx_word' id='word_1_65' title='bbox 1249 1236 1327 1284; x_wconf 36' lang='lat' dir='ltr'><strong>tuos</strong></span> 
     </span>
     <span class='ocr_line' id='line_1_9' title="bbox 205 1315 1314 1434; baseline -0.003 -27"><span class='ocrx_word' id='word_1_66' title='bbox 205 1334 290 1434; x_wconf 74' lang='lat' dir='ltr'><strong>drga</strong></span> <span class='ocrx_word' id='word_1_67' title='bbox 320 1315 379 1404; x_wconf 84' lang='lat' dir='ltr'><strong>nie</strong></span> <span class='ocrx_word' id='word_1_68' title='bbox 412 1327 532 1406; x_wconf 80' lang='lat' dir='ltr'><strong>aninio</strong></span> <span class='ocrx_word' id='word_1_69' title='bbox 559 1332 820 1408; x_wconf 81' lang='lat' dir='ltr'><strong>dubitationem</strong></span> <span class='ocrx_word' id='word_1_70' title='bbox 851 1324 983 1406; x_wconf 89' lang='lat' dir='ltr'><strong>silentii</strong></span> <span class='ocrx_word' id='word_1_71' title='bbox 1016 1332 1078 1403; x_wconf 53' lang='lat' dir='ltr'><strong>tui*</strong></span> <span class='ocrx_word' id='word_1_72' title='bbox 1098 1330 1314 1404; x_wconf 74' lang='lat' dir='ltr'><strong>diuturnitas</strong></span> 
     </span>
     <span class='ocr_line' id='line_1_10' title="bbox 202 1451 1313 1549; baseline -0.001 -24"><span class='ocrx_word' id='word_1_73' title='bbox 202 1451 396 1549; x_wconf 87' lang='lat' dir='ltr'><strong>injecerat,</strong></span> <span class='ocrx_word' id='word_1_74' title='bbox 424 1478 504 1524; x_wconf 90' lang='lat' dir='ltr'><strong>eam</strong></span> <span class='ocrx_word' id='word_1_75' title='bbox 519 1452 628 1523; x_wconf 85' lang='lat' dir='ltr'><strong>istaec</strong></span> <span class='ocrx_word' id='word_1_76' title='bbox 645 1472 726 1528; x_wconf 88' lang='lat' dir='ltr'><strong>tuae</strong></span> <span class='ocrx_word' id='word_1_77' title='bbox 751 1452 944 1526; x_wconf 88' lang='lat' dir='ltr'><strong>voluntatis</strong></span> <span class='ocrx_word' id='word_1_78' title='bbox 957 1451 1071 1524; x_wconf 88' lang='lat' dir='ltr'><strong>veluti</strong></span> <span class='ocrx_word' id='word_1_79' title='bbox 1093 1453 1210 1524; x_wconf 83' lang='lat' dir='ltr'><strong>subito</strong></span> <span class='ocrx_word' id='word_1_80' title='bbox 1227 1479 1313 1548; x_wconf 87' lang='lat' dir='ltr'><strong>pro·</strong></span> 
     </span>
     <span class='ocr_line' id='line_1_11' title="bbox 131 1565 1312 1670; baseline 0.001 -27"><span class='ocrx_word' id='word_1_81' title='bbox 131 1619 133 1625; x_wconf 32' lang='grc' dir='ltr'><strong><em>ι</em></strong></span> <span class='ocrx_word' id='word_1_82' title='bbox 203 1586 377 1670; x_wconf 85' lang='lat' dir='ltr'><strong>rumpens</strong></span> <span class='ocrx_word' id='word_1_83' title='bbox 400 1570 577 1670; x_wconf 88' lang='lat' dir='ltr'><strong>quaedam</strong></span> <span class='ocrx_word' id='word_1_84' title='bbox 601 1601 688 1645; x_wconf 86' lang='lat' dir='ltr'><strong>aura</strong></span> <span class='ocrx_word' id='word_1_85' title='bbox 707 1565 858 1667; x_wconf 84' lang='lat' dir='ltr'><strong>disjecit.¹</strong></span> <span class='ocrx_word' id='word_1_86' title='bbox 891 1573 989 1657; x_wconf 80' lang='lat' dir='ltr'><strong>Vere</strong></span> <span class='ocrx_word' id='word_1_87' title='bbox 999 1594 1046 1663; x_wconf 26' lang='lat' dir='ltr'><strong>,tu</strong></span> <span class='ocrx_word' id='word_1_88' title='bbox 1061 1567 1180 1644; x_wconf 86' lang='lat' dir='ltr'><strong>adhuc</strong></span> <span class='ocrx_word' id='word_1_89' title='bbox 1198 1598 1234 1642; x_wconf 87' lang='lat' dir='ltr'><strong>es</strong></span> <span class='ocrx_word' id='word_1_90' title='bbox 1252 1600 1312 1644; x_wconf 86' lang='lat' dir='ltr'><strong>ve·</strong></span> 
     </span>
     <span class='ocr_line' id='line_1_12' title="bbox 158 1690 1311 1789; baseline -0.001 -26"><span class='ocrx_word' id='word_1_91' title='bbox 158 1725 163 1733; x_wconf 74' lang='grc'>’</span> <span class='ocrx_word' id='word_1_92' title='bbox 202 1712 261 1765; x_wconf 89' lang='lat' dir='ltr'><strong>tus</strong></span> <span class='ocrx_word' id='word_1_93' title='bbox 289 1691 371 1783; x_wconf 87' lang='lat' dir='ltr'><strong>ille,</strong></span> <span class='ocrx_word' id='word_1_94' title='bbox 400 1706 463 1789; x_wconf 93' lang='lat' dir='ltr'><strong>qui</strong></span> <span class='ocrx_word' id='word_1_95' title='bbox 493 1690 629 1763; x_wconf 89' lang='lat' dir='ltr'><strong>Leidae</strong></span> <span class='ocrx_word' id='word_1_96' title='bbox 658 1720 753 1782; x_wconf 83' lang='lat' dir='ltr'><strong>eraS,</strong></span> <span class='ocrx_word' id='word_1_97' title='bbox 782 1712 901 1762; x_wconf 86' lang='lat' dir='ltr'><strong>certus</strong></span> <span class='ocrx_word' id='word_1_98' title='bbox 929 1712 964 1760; x_wconf 90' lang='lat' dir='ltr'><strong>et</strong></span> <span class='ocrx_word' id='word_1_99' title='bbox 995 1690 1132 1761; x_wconf 84' lang='lat' dir='ltr'><strong>calidus</strong></span> <span class='ocrx_word' id='word_1_100' title='bbox 1165 1692 1311 1762; x_wconf 86' lang='lat' dir='ltr'><strong>arnicus.</strong></span> 
     </span>
     <span class='ocr_line' id='line_1_13' title="bbox 204 1808 1309 1908; baseline -0.003 -26"><span class='ocrx_word' id='word_1_101' title='bbox 204 1808 240 1882; x_wconf 91' lang='grc'>0</span> <span class='ocrx_word' id='word_1_102' title='bbox 258 1809 290 1879; x_wconf 89' lang='lat' dir='ltr'><strong>si</strong></span> <span class='ocrx_word' id='word_1_103' title='bbox 305 1808 421 1880; x_wconf 84' lang='lat' dir='ltr'><strong>fatalis</strong></span> <span class='ocrx_word' id='word_1_104' title='bbox 442 1810 562 1881; x_wconf 87' lang='lat' dir='ltr'><strong>nescio</strong></span> <span class='ocrx_word' id='word_1_105' title='bbox 580 1810 643 1906; x_wconf 90' lang='lat' dir='ltr'><strong>qui</strong></span> <span class='ocrx_word' id='word_1_106' title='bbox 659 1836 778 1900; x_wconf 87' lang='lat' dir='ltr'><strong>casus,</strong></span> <span class='ocrx_word' id='word_1_107' title='bbox 801 1836 823 1881; x_wconf 95' lang='lat' dir='ltr'><strong>o</strong></span> <span class='ocrx_word' id='word_1_108' title='bbox 840 1808 869 1879; x_wconf 93' lang='lat' dir='ltr'><strong>si</strong></span> <span class='ocrx_word' id='word_1_109' title='bbox 884 1808 946 1880; x_wconf 84' lang='lat' dir='ltr'><strong>sati</strong></span> <span class='ocrx_word' id='word_1_110' title='bbox 960 1808 1032 1880; x_wconf 88' lang='lat' dir='ltr'><strong>mei</strong></span> <span class='ocrx_word' id='word_1_111' title='bbox 1048 1809 1247 1908; x_wconf 81' lang='lat' dir='ltr'><strong>malignitas</strong></span> <span class='ocrx_word' id='word_1_112' title='bbox 1264 1836 1309 1879; x_wconf 93' lang='lat' dir='ltr'><strong>ne</strong></span> 
     </span>
     <span class='ocr_line' id='line_1_14' title="bbox 202 1927 1381 2033; baseline -0.002 -33"><span class='ocrx_word' id='word_1_113' title='bbox 202 1927 479 2019; x_wconf 80' lang='lat' dir='ltr'><strong>intercessisset,</strong></span> <span class='ocrx_word' id='word_1_114' title='bbox 503 1928 642 2000; x_wconf 87' lang='lat' dir='ltr'><strong>Italiam</strong></span> <span class='ocrx_word' id='word_1_115' title='bbox 667 1949 797 2000; x_wconf 86' lang='lat' dir='ltr'><strong>tecum¹</strong></span> <span class='ocrx_word' id='word_1_116' title='bbox 815 1954 1080 2033; x_wconf 83' lang='lat' dir='ltr'><strong>peragrassem,</strong></span> <span class='ocrx_word' id='word_1_117' title='bbox 1109 1928 1309 2021; x_wconf 81' lang='lat' dir='ltr'><strong>Graeciam,</strong></span> <span class='ocrx_word' id='word_1_118' title='bbox 1374 2001 1381 2012; x_wconf 63' lang='grc'><em>,</em></span> 
     </span>
    </p>
   </div>
   <div class='ocr_carea' id='block_1_4' title="bbox 106 2039 1341 2384">
    <p class='ocr_par' dir='ltr' id='par_1_4' title="bbox 106 2039 1341 2384">
     <span class='ocr_line' id='line_1_15' title="bbox 175 2039 1310 2153; baseline 0.002 -35"><span class='ocrx_word' id='word_1_119' title='bbox 175 2132 179 2153; x_wconf 37' lang='lat'><strong>¹</strong></span> <span class='ocrx_word' id='word_1_120' title='bbox 202 2039 346 2136; x_wconf 83' lang='lat' dir='ltr'><strong>Asiam,</strong></span> <span class='ocrx_word' id='word_1_121' title='bbox 371 2044 578 2139; x_wconf 81' lang='lat' dir='ltr'><strong>Franciam,</strong></span> <span class='ocrx_word' id='word_1_122' title='bbox 594 2048 841 2142; x_wconf 82' lang='lat' dir='ltr'><strong>Britanniam3</strong></span> <span class='ocrx_word' id='word_1_123' title='bbox 868 2068 924 2119; x_wconf 90' lang='lat' dir='ltr'><strong>tot</strong></span> <span class='ocrx_word' id='word_1_124' title='bbox 941 2046 1083 2119; x_wconf 87' lang='lat' dir='ltr'><strong>nobiles</strong></span> <span class='ocrx_word' id='word_1_125' title='bbox 1098 2071 1310 2148; x_wconf 80' lang='lat' dir='ltr'><strong>spectassem</strong></span> 
     </span>
     <span class='ocr_line' id='line_1_16' title="bbox 106 2161 1341 2264; baseline 0.006 -30"><span class='ocrx_word' id='word_1_126' title='bbox 106 2249 110 2259; x_wconf 36' lang='grc' dir='ltr'>Ι</span> <span class='ocrx_word' id='word_1_127' title='bbox 167 2250 172 2258; x_wconf 32' lang='grc' dir='ltr'><em>Ι</em></span> <span class='ocrx_word' id='word_1_128' title='bbox 202 2163 377 2264; x_wconf 84' lang='lat' dir='ltr'><strong>populos,</strong></span> <span class='ocrx_word' id='word_1_129' title='bbox 413 2191 554 2256; x_wconf 86' lang='lat' dir='ltr'><strong>musea,</strong></span> <span class='ocrx_word' id='word_1_130' title='bbox 582 2165 839 2256; x_wconf 73' lang='lat' dir='ltr'><strong>bibliothecas,</strong></span> <span class='ocrx_word' id='word_1_131' title='bbox 881 2167 977 2237; x_wconf 90' lang='lat' dir='ltr'><strong>viros</strong></span> <span class='ocrx_word' id='word_1_132' title='bbox 1003 2165 1154 2239; x_wconf 85' lang='lat' dir='ltr'><strong>adissem</strong></span> <span class='ocrx_word' id='word_1_133' title='bbox 1177 2161 1311 2242; x_wconf 78' lang='lat' dir='ltr'><strong>littera·</strong></span> <span class='ocrx_word' id='word_1_134' title='bbox 1334 2241 1341 2255; x_wconf 73' lang='grc'><strong>,,</strong></span> 
     </span>
     <span class='ocr_line' id='line_1_17' title="bbox 201 2271 1336 2384; baseline 0.002 -27"><span class='ocrx_word' id='word_1_135' title='bbox 201 2301 288 2363; x_wconf 80' lang='lat' dir='ltr'><strong>runt</strong></span> <span class='ocrx_word' id='word_1_136' title='bbox 303 2281 411 2368; x_wconf 77' lang='lat' dir='ltr'><strong>laude</strong></span> <span class='ocrx_word' id='word_1_137' title='bbox 434 2271 623 2374; x_wconf 69' lang='lat' dir='ltr'><strong>florentes,</strong></span> <span class='ocrx_word' id='word_1_138' title='bbox 649 2286 786 2370; x_wconf 86' lang='lat' dir='ltr'><strong>calamo</strong></span> <span class='ocrx_word' id='word_1_139' title='bbox 812 2290 971 2384; x_wconf 84' lang='lat' dir='ltr'><strong>exaratos</strong></span> <span class='ocrx_word' id='word_1_140' title='bbox 995 2303 1198 2358; x_wconf 81' lang='lat' dir='ltr'><strong>tractassent</strong></span> <span class='ocrx_word' id='word_1_141' title='bbox 1219 2274 1336 2383; x_wconf 51' lang='lat' dir='ltr'><strong>opti?</strong></span> 
     </span>
    </p>
   </div>
   <div class='ocr_carea' id='block_1_5' title="bbox 108 2400 1345 4290">
    <p class='ocr_par' dir='ltr' id='par_1_5' title="bbox 108 2400 1345 4290">
     <span class='ocr_line' id='line_1_18' title="bbox 202 2400 1310 2502; baseline -0.001 -25"><span class='ocrx_word' id='word_1_142' title='bbox 202 2430 349 2485; x_wconf 82' lang='lat' dir='ltr'><strong>morum</strong></span> <span class='ocrx_word' id='word_1_143' title='bbox 383 2416 591 2497; x_wconf 86' lang='lat' dir='ltr'><strong>auctorum,</strong></span> <span class='ocrx_word' id='word_1_144' title='bbox 636 2403 856 2502; x_wconf 81' lang='lat' dir='ltr'><strong>antiquitatis</strong></span> <span class='ocrx_word' id='word_1_145' title='bbox 896 2400 1123 2502; x_wconf 87' lang='lat' dir='ltr'><strong>principum,</strong></span> <span class='ocrx_word' id='word_1_146' title='bbox 1166 2406 1310 2478; x_wconf 79' lang='lat' dir='ltr'><strong>codices</strong></span> 
     </span>
     <span class='ocr_line' id='line_1_19' title="bbox 137 2520 1311 2621; baseline -0.003 -21"><span class='ocrx_word' id='word_1_147' title='bbox 137 2550 141 2559; x_wconf 87' lang='grc'><strong><em>·</em></strong></span> <span class='ocrx_word' id='word_1_148' title='bbox 201 2543 379 2605; x_wconf 57' lang='lat' dir='ltr'><strong>uetustate</strong></span> <span class='ocrx_word' id='word_1_149' title='bbox 395 2520 542 2621; x_wconf 82' lang='lat' dir='ltr'><strong>fideque</strong></span> <span class='ocrx_word' id='word_1_150' title='bbox 558 2524 804 2621; x_wconf 75' lang='lat' dir='ltr'><strong>veqerabiles3</strong></span> <span class='ocrx_word' id='word_1_151' title='bbox 830 2529 1068 2596; x_wconf 82' lang='lat' dir='ltr'><strong>monumenta</strong></span> <span class='ocrx_word' id='word_1_152' title='bbox 1084 2527 1213 2599; x_wconf 82' lang='lat' dir='ltr'><strong>vetusti</strong></span> <span class='ocrx_word' id='word_1_153' title='bbox 1235 2527 1311 2599; x_wconf 83' lang='lat' dir='ltr'><strong>aevi</strong></span> 
     </span>
     <span class='ocr_line' id='line_1_20' title="bbox 201 2643 1310 2737; baseline -0.001 -22"><span class='ocrx_word' id='word_1_154' title='bbox 201 2643 397 2730; x_wconf 70' lang='lat' dir='ltr'><strong>clarissima</strong></span> <span class='ocrx_word' id='word_1_155' title='bbox 414 2669 538 2735; x_wconf 84' lang='lat' dir='ltr'><strong>coram</strong></span> <span class='ocrx_word' id='word_1_156' title='bbox 551 2644 696 2725; x_wconf 87' lang='lat' dir='ltr'><strong>intuens</strong></span> <span class='ocrx_word' id='word_1_157' title='bbox 712 2664 902 2735; x_wconf 86' lang='lat' dir='ltr'><strong>veneratus</strong></span> <span class='ocrx_word' id='word_1_158' title='bbox 918 2670 1063 2737; x_wconf 79' lang='lat' dir='ltr'><strong>essem3-</strong></span> <span class='ocrx_word' id='word_1_159' title='bbox 1077 2644 1192 2735; x_wconf 86' lang='lat' dir='ltr'><strong>rivos,</strong></span> <span class='ocrx_word' id='word_1_160' title='bbox 1208 2673 1310 2716; x_wconf 86' lang='lat' dir='ltr'><strong>mon·</strong></span> 
     </span>
     <span class='ocr_line' id='line_1_21' title="bbox 144 2752 1345 2865; baseline -0.002 -28"><span class='ocrx_word' id='word_1_161' title='bbox 144 2786 148 2793; x_wconf 87' lang='grc'><strong><em>’</em></strong></span> <span class='ocrx_word' id='word_1_162' title='bbox 201 2782 275 2856; x_wconf 79' lang='lat' dir='ltr'><strong>tes,</strong></span> <span class='ocrx_word' id='word_1_163' title='bbox 305 2763 460 2861; x_wconf 81' lang='lat' dir='ltr'><strong>oppida,</strong></span> <span class='ocrx_word' id='word_1_164' title='bbox 494 2752 652 2856; x_wconf 84' lang='lat' dir='ltr'><strong>tractus,</strong></span> <span class='ocrx_word' id='word_1_165' title='bbox 687 2783 880 2865; x_wconf 82' lang='lat' dir='ltr'><strong>poetarum</strong></span> <span class='ocrx_word' id='word_1_166' title='bbox 914 2766 1022 2862; x_wconf 88' lang='lat' dir='ltr'><strong>atque</strong></span> <span class='ocrx_word' id='word_1_167' title='bbox 1049 2762 1310 2861; x_wconf 82' lang='lat' dir='ltr'><strong>historicorum</strong></span> <span class='ocrx_word' id='word_1_168' title='bbox 1339 2796 1345 2809; x_wconf 70' lang='lat'><strong>,</strong></span> 
     </span>
     <span class='ocr_line' id='line_1_22' title="bbox 201 2882 1308 2975; baseline -0.005 -18"><span class='ocrx_word' id='word_1_169' title='bbox 201 2909 269 2957; x_wconf 75' lang='lat' dir='ltr'><strong>eeu</strong></span> <span class='ocrx_word' id='word_1_170' title='bbox 289 2882 468 2955; x_wconf 81' lang='lat' dir='ltr'><strong>natalibus</strong></span> <span class='ocrx_word' id='word_1_171' title='bbox 495 2910 560 2955; x_wconf 87' lang='lat' dir='ltr'><strong>seu</strong></span> <span class='ocrx_word' id='word_1_172' title='bbox 585 2885 730 2956; x_wconf 87' lang='lat' dir='ltr'><strong>sedibus</strong></span> <span class='ocrx_word' id='word_1_173' title='bbox 753 2910 819 2957; x_wconf 86' lang='lat' dir='ltr'><strong>seu</strong></span> <span class='ocrx_word' id='word_1_174' title='bbox 846 2885 1062 2975; x_wconf 80' lang='lat' dir='ltr'><strong>testimoniis</strong></span> <span class='ocrx_word' id='word_1_175' title='bbox 1089 2883 1308 2974; x_wconf 82' lang='lat' dir='ltr'><strong>nobilitatos,</strong></span> 
     </span>
     <span class='ocr_line' id='line_1_23' title="bbox 200 3000 1308 3098; baseline -0.001 -26"><span class='ocrx_word' id='word_1_176' title='bbox 200 3001 427 3094; x_wconf 76' lang='lat' dir='ltr'><strong>salutassem,</strong></span> <span class='ocrx_word' id='word_1_177' title='bbox 456 3000 635 3091; x_wconf 81' lang='lat' dir='ltr'><strong>artificum</strong></span> <span class='ocrx_word' id='word_1_178' title='bbox 660 3002 698 3072; x_wconf 92' lang='lat' dir='ltr'><strong>in</strong></span> <span class='ocrx_word' id='word_1_179' title='bbox 725 3027 948 3098; x_wconf 86' lang='lat' dir='ltr'><strong>quocunque</strong></span> <span class='ocrx_word' id='word_1_180' title='bbox 980 3028 1044 3072; x_wconf 90' lang='lat' dir='ltr'><strong>seu</strong></span> <span class='ocrx_word' id='word_1_181' title='bbox 1078 3001 1214 3096; x_wconf 86' lang='lat' dir='ltr'><strong>ingenii</strong></span> <span class='ocrx_word' id='word_1_182' title='bbox 1244 3029 1308 3071; x_wconf 88' lang='lat' dir='ltr'><strong>seu</strong></span> 
     </span>
     <span class='ocr_line' id='line_1_24' title="bbox 108 3107 1309 3219; baseline -0.005 -25"><span class='ocrx_word' id='word_1_183' title='bbox 108 3107 111 3114; x_wconf 37' lang='lat'>¹</span> <span class='ocrx_word' id='word_1_184' title='bbox 200 3130 330 3203; x_wconf 69' lang='lat' dir='ltr'><strong>manus</strong></span> <span class='ocrx_word' id='word_1_185' title='bbox 346 3108 522 3218; x_wconf 82' lang='lat' dir='ltr'><strong>exquisito</strong></span> <span class='ocrx_word' id='word_1_186' title='bbox 540 3145 651 3219; x_wconf 86' lang='lat' dir='ltr'><strong>opere</strong></span> <span class='ocrx_word' id='word_1_187' title='bbox 667 3144 890 3192; x_wconf 85' lang='lat' dir='ltr'><strong>summorum</strong></span> <span class='ocrx_word' id='word_1_188' title='bbox 910 3117 1072 3206; x_wconf 85' lang='lat' dir='ltr'><strong>officinas</strong></span> <span class='ocrx_word' id='word_1_189' title='bbox 1089 3118 1309 3211; x_wconf 79' lang='lat' dir='ltr'><strong>tusa-assem,</strong></span> 
     </span>
     <span class='ocr_line' id='line_1_25' title="bbox 117 3231 1309 3349; baseline 0.006 -44"><span class='ocrx_word' id='word_1_190' title='bbox 117 3298 120 3305; x_wconf 82' lang='grc'><strong>.</strong></span> <span class='ocrx_word' id='word_1_191' title='bbox 195 3237 389 3349; x_wconf 32' lang='lat' dir='ltr'><strong>,calcassem</strong></span> <span class='ocrx_word' id='word_1_192' title='bbox 403 3239 560 3337; x_wconf 70' lang='lat' dir='ltr'><strong>vestigia:</strong></span> <span class='ocrx_word' id='word_1_193' title='bbox 580 3239 766 3336; x_wconf 83' lang='lat' dir='ltr'><strong>Particeps·</strong></span> <span class='ocrx_word' id='word_1_194' title='bbox 776 3265 876 3309; x_wconf 86' lang='lat' dir='ltr'><strong>nunc</strong></span> <span class='ocrx_word' id='word_1_195' title='bbox 891 3231 1004 3309; x_wconf 77' lang='lat' dir='ltr'><strong>essem</strong></span> <span class='ocrx_word' id='word_1_196' title='bbox 1019 3258 1204 3339; x_wconf 82' lang='lat' dir='ltr'><strong>gazarum,</strong></span> <span class='ocrx_word' id='word_1_197' title='bbox 1221 3267 1309 3338; x_wconf 88' lang='lat' dir='ltr'><strong>quas</strong></span> 
     </span>
     <span class='ocr_line' id='line_1_26' title="bbox 198 3346 1308 3459; baseline 0.001 -29"><span class='ocrx_word' id='word_1_198' title='bbox 198 3377 243 3430; x_wconf 79' lang='lat' dir='ltr'><strong>w.</strong></span> <span class='ocrx_word' id='word_1_199' title='bbox 264 3355 369 3434; x_wconf 74' lang='lat' dir='ltr'><strong>illinc</strong></span> <span class='ocrx_word' id='word_1_200' title='bbox 395 3377 432 3431; x_wconf 81' lang='lat' dir='ltr'><strong>et</strong></span> <span class='ocrx_word' id='word_1_201' title='bbox 454 3346 601 3459; x_wconf 82' lang='lat' dir='ltr'><strong>magnas</strong></span> <span class='ocrx_word' id='word_1_202' title='bbox 625 3377 661 3428; x_wconf 89' lang='lat' dir='ltr'><strong>et</strong></span> <span class='ocrx_word' id='word_1_203' title='bbox 681 3355 879 3459; x_wconf 81' lang='lat' dir='ltr'><strong>singulares</strong></span> <span class='ocrx_word' id='word_1_204' title='bbox 899 3357 945 3427; x_wconf 89' lang='lat' dir='ltr'><strong>iu·</strong></span> <span class='ocrx_word' id='word_1_205' title='bbox 962 3356 1186 3428; x_wconf 86' lang='lat' dir='ltr'><strong>Britanniam</strong></span> <span class='ocrx_word' id='word_1_206' title='bbox 1209 3380 1308 3431; x_wconf 88' lang='lat' dir='ltr'><strong>tuam</strong></span> 
     </span>
     <span class='ocr_line' id='line_1_27' title="bbox 115 3464 1308 3578; baseline 0.003 -29"><span class='ocrx_word' id='word_1_207' title='bbox 115 3489 123 3496; x_wconf 84' lang='lat'><em>&#39;</em></span> <span class='ocrx_word' id='word_1_208' title='bbox 153 3464 154 3471; x_wconf 7' lang='grc' dir='ltr'>ἵ</span> <span class='ocrx_word' id='word_1_209' title='bbox 199 3495 323 3565; x_wconf 79' lang='lat' dir='ltr'><strong>tecum</strong></span> <span class='ocrx_word' id='word_1_210' title='bbox 335 3476 499 3549; x_wconf 87' lang='lat' dir='ltr'><strong>retulisti.</strong></span> <span class='ocrx_word' id='word_1_211' title='bbox 535 3475 609 3549; x_wconf 86' lang='lat' dir='ltr'><strong>Sed</strong></span> <span class='ocrx_word' id='word_1_212' title='bbox 630 3503 733 3549; x_wconf 88' lang='lat' dir='ltr'><strong>secus</strong></span> <span class='ocrx_word' id='word_1_213' title='bbox 757 3476 873 3561; x_wconf 76' lang='lat' dir='ltr'><strong>risum</strong></span> <span class='ocrx_word' id='word_1_214' title='bbox 896 3476 973 3548; x_wconf 85' lang='lat' dir='ltr'><strong>fuit.</strong></span> <span class='ocrx_word' id='word_1_215' title='bbox 988 3478 1148 3574; x_wconf 84' lang='lat' dir='ltr'><strong>superis,</strong></span> <span class='ocrx_word' id='word_1_216' title='bbox 1174 3480 1308 3578; x_wconf 86' lang='lat' dir='ltr'><strong>quibus</strong></span> 
     </span>
     <span class='ocr_line' id='line_1_28' title="bbox 195 3594 1307 3699; baseline 0.001 -30"><span class='ocrx_word' id='word_1_217' title='bbox 195 3595 330 3699; x_wconf 69' lang='lat' dir='ltr'><strong>gratias</strong></span> <span class='ocrx_word' id='word_1_218' title='bbox 354 3597 460 3670; x_wconf 78' lang='lat' dir='ltr'><strong>etiam</strong></span> <span class='ocrx_word' id='word_1_219' title='bbox 485 3594 624 3690; x_wconf 83' lang='lat' dir='ltr'><strong>habeo,</strong></span> <span class='ocrx_word' id='word_1_220' title='bbox 652 3600 804 3681; x_wconf 71' lang='lat' dir='ltr'><strong>arelius</strong></span> <span class='ocrx_word' id='word_1_221' title='bbox 828 3596 985 3670; x_wconf 82' lang='lat' dir='ltr'><strong>adversis</strong></span> <span class='ocrx_word' id='word_1_222' title='bbox 1007 3601 1307 3698; x_wconf 85' lang='lat' dir='ltr'><strong>quamplurimis</strong></span> 
     </span>
     <span class='ocr_line' id='line_1_29' title="bbox 110 3713 1306 3816; baseline 0 -25"><span class='ocrx_word' id='word_1_223' title='bbox 110 3785 112 3791; x_wconf 92' lang='lat'><em>.</em></span> <span class='ocrx_word' id='word_1_224' title='bbox 198 3713 330 3793; x_wconf 76' lang='lat' dir='ltr'><strong>doctus</strong></span> <span class='ocrx_word' id='word_1_225' title='bbox 348 3715 386 3791; x_wconf 90' lang='lat' dir='ltr'><strong>in</strong></span> <span class='ocrx_word' id='word_1_226' title='bbox 403 3715 657 3792; x_wconf 77' lang='lat' dir='ltr'><strong>mediocritate</strong></span> <span class='ocrx_word' id='word_1_227' title='bbox 680 3717 786 3793; x_wconf 88' lang='lat' dir='ltr'><strong>sortis</strong></span> <span class='ocrx_word' id='word_1_228' title='bbox 803 3744 902 3790; x_wconf 79' lang='lat' dir='ltr'><strong>areae</strong></span> <span class='ocrx_word' id='word_1_229' title='bbox 926 3719 1195 3816; x_wconf 86' lang='lat' dir='ltr'><strong>conquiescere.</strong></span> <span class='ocrx_word' id='word_1_230' title='bbox 1237 3719 1306 3791; x_wconf 60' lang='lat' dir='ltr'><strong>an</strong></span> 
     </span>
     <span class='ocr_line' id='line_1_30' title="bbox 194 3822 1306 3936; baseline -0.004 -21"><span class='ocrx_word' id='word_1_231' title='bbox 194 3836 281 3933; x_wconf 68' lang='lat' dir='ltr'><strong>‚quis</strong></span> <span class='ocrx_word' id='word_1_232' title='bbox 297 3837 532 3929; x_wconf 77' lang='lat' dir='ltr'><strong>enimauctor</strong></span> <span class='ocrx_word' id='word_1_233' title='bbox 548 3836 641 3911; x_wconf 82' lang='lat' dir='ltr'><strong>milri</strong></span> <span class='ocrx_word' id='word_1_234' title='bbox 660 3863 886 3936; x_wconf 81' lang='lat' dir='ltr'><strong>sponsor-que</strong></span> <span class='ocrx_word' id='word_1_235' title='bbox 903 3837 966 3930; x_wconf 89' lang='lat' dir='ltr'><strong>sit,</strong></span> <span class='ocrx_word' id='word_1_236' title='bbox 993 3822 1160 3911; x_wconf 81' lang='lat' dir='ltr'><strong>futurum</strong></span> <span class='ocrx_word' id='word_1_237' title='bbox 1183 3838 1306 3932; x_wconf 81' lang='lat' dir='ltr'><strong>fuisse,</strong></span> 
     </span>
     <span class='ocr_line' id='line_1_31' title="bbox 197 3953 1304 4052; baseline 0.003 -25"><span class='ocrx_word' id='word_1_238' title='bbox 197 3975 241 4034; x_wconf 80' lang='lat' dir='ltr'><strong>nt</strong></span> <span class='ocrx_word' id='word_1_239' title='bbox 254 3953 429 4033; x_wconf 79' lang='lat' dir='ltr'><strong>itinerum</strong></span> <span class='ocrx_word' id='word_1_240' title='bbox 442 3979 497 4032; x_wconf 89' lang='lat' dir='ltr'><strong>tot</strong></span> <span class='ocrx_word' id='word_1_241' title='bbox 510 3958 694 4034; x_wconf 87' lang='lat' dir='ltr'><strong>molestias</strong></span> <span class='ocrx_word' id='word_1_242' title='bbox 711 3957 900 4052; x_wconf 83' lang='lat' dir='ltr'><strong>toleraret,</strong></span> <span class='ocrx_word' id='word_1_243' title='bbox 924 3979 979 4031; x_wconf 85' lang='lat' dir='ltr'><strong>tot</strong></span> <span class='ocrx_word' id='word_1_244' title='bbox 995 3955 1161 4031; x_wconf 87' lang='lat' dir='ltr'><strong>evaderet</strong></span> <span class='ocrx_word' id='word_1_245' title='bbox 1177 3956 1304 4031; x_wconf 83' lang='lat' dir='ltr'><strong>discri-</strong></span> 
     </span>
     <span class='ocr_line' id='line_1_32' title="bbox 194 4072 1303 4181; baseline -0.001 -30"><span class='ocrx_word' id='word_1_246' title='bbox 194 4073 293 4151; x_wconf 85' lang='lat' dir='ltr'><strong>mina</strong></span> <span class='ocrx_word' id='word_1_247' title='bbox 316 4079 577 4178; x_wconf 83' lang='lat' dir='ltr'><strong>corpusctdum</strong></span> <span class='ocrx_word' id='word_1_248' title='bbox 591 4077 684 4174; x_wconf 90' lang='lat' dir='ltr'><strong>hoc,</strong></span> <span class='ocrx_word' id='word_1_249' title='bbox 708 4077 810 4177; x_wconf 89' lang='lat' dir='ltr'><strong>quod</strong></span> <span class='ocrx_word' id='word_1_250' title='bbox 827 4101 955 4152; x_wconf 84' lang='lat' dir='ltr'><strong>natura</strong></span> <span class='ocrx_word' id='word_1_251' title='bbox 975 4072 1070 4148; x_wconf 88' lang='lat' dir='ltr'><strong>mihi</strong></span> <span class='ocrx_word' id='word_1_252' title='bbox 1085 4077 1243 4181; x_wconf 82' lang='lat' dir='ltr'><strong>tribuit,</strong></span> <span class='ocrx_word' id='word_1_253' title='bbox 1254 4078 1303 4150; x_wconf 86' lang='lat' dir='ltr'><strong>ita</strong></span> 
     </span>
     <span class='ocr_line' id='line_1_33' title="bbox 193 4195 1302 4290; baseline -0.008 -13"><span class='ocrx_word' id='word_1_254' title='bbox 193 4195 521 4283; x_wconf 65' lang='lat' dir='ltr'><strong>¹valetudinarium?</strong></span> <span class='ocrx_word' id='word_1_255' title='bbox 559 4199 759 4277; x_wconf 83' lang='lat' dir='ltr'><strong>Comitatus</strong></span> <span class='ocrx_word' id='word_1_256' title='bbox 782 4201 872 4274; x_wconf 84' lang='lat' dir='ltr'><strong>tesi</strong></span> <span class='ocrx_word' id='word_1_257' title='bbox 894 4221 1027 4290; x_wconf 81' lang='lat' dir='ltr'><strong>assem,</strong></span> <span class='ocrx_word' id='word_1_258' title='bbox 1056 4196 1110 4270; x_wconf 85' lang='lat' dir='ltr'><strong>mi</strong></span> <span class='ocrx_word' id='word_1_259' title='bbox 1134 4197 1302 4290; x_wconf 56' lang='lat' dir='ltr'><strong>Amr,</strong></span> 
     </span>
    </p>
   </div>
   <div class='ocr_carea' id='block_1_6' title="bbox 0 0 1392 4748">
    <p class='ocr_par' dir='ltr' id='par_1_6' title="bbox 0 0 1392 4748">
     <span class='ocr_line' id='line_1_34' title="bbox 0 0 1392 4748; baseline 0 3"><span class='ocrx_word' id='word_1_260' title='bbox 0 0 1392 4748; x_wconf 95' lang='lat' dir='ltr'><strong> </strong></span> 
     </span>
    </p>
   </div>
  </div>
 </body>
</html>
