2776 4748
403 234 460 296 AD
490 236 852 319 nsuosrflsnun.
1092 267 1183 311 sxrn
1250 301 1252 305 .

61 398 319 479 Demosthenicae
337 417 481 467 constare.
526 409 594 468 Non
609 411 723 469 minora
742 411 899 488 religione.
912 417 1034 475 tractui
1054 438 1072 476 a
1090 421 1178 481 nobis
1217 474 1218 479 ,

63 511 179 569 debent
206 521 343 569 auctores
363 497 500 589 profahi,
522 520 611 590 atque
632 513 749 572 Novum
771 513 1001 577 Testamentum.
1050 521 1116 594 Qua
1139 527 1178 586 do

63 631 156 670 musa
176 611 298 670 codices
312 613 348 669 N.
366 614 400 670 T.
416 614 519 672 sedulo
535 616 719 688 excutimus,
741 615 841 674 eadem
859 617 895 674 de
911 640 998 678 causo
1013 623 1101 683 otiam
1115 629 1176 687 De.

63 713 233 772 mosthenis
250 715 452 791 aliorumque,
476 727 626 796 quotquot
645 729 727 793 sunt,
748 725 935 799 vetustorum
953 734 1109 809 auctor-unp
1123 751 1177 789 co-
1234 716 1240 723 ’

65 816 147 879 dices,
167 815 281 893 inspici
307 829 468 895 earumque
484 819 627 876 lectiones
651 820 717 877 erui
737 829 767 878 ot
789 821 918 899 proferri
932 844 989 902 par
1009 837 1068 887 est:
1104 852 1178 894 nam,

64 918 123 981 sola
136 915 219 974 haec
235 927 280 976 est
291 919 341 977 via
354 920 511 978 veritatem
527 918 699 978 historicam
714 923 790 979 terti
807 925 960 1003 cujusquo,
969 927 1029 986 sive
1046 942 1187 1012 sacrum,

65 1019 123 1077 sire
146 1020 317 1098 profanum
338 1028 400 1095 est,
434 1043 449 1080 e
471 1041 615 1080 consensu
635 1023 799 1082 multorum
820 1036 1009 1087 vetustorum
1029 1034 1174 1109 probatae

65 1118 128 1178 hdei
149 1121 296 1178 codicum
317 1120 548 1183 demonstrandi.
594 1125 643 1185 Sic
665 1127 871 1201 cognoscimus
886 1129 1013 1205 origines
1027 1137 1177 1212 errorm'p,

66 1221 102 1279 sic
113 1221 230 1279 modos
255 1226 450 1308 emendandi,
473 1228 515 1285 sic
535 1226 630 1284 multa
646 1227 765 1285 occulta
786 1228 860 1285 vitia
878 1229 1105 1311 investigamus,
1129 1240 1174 1297 sic

67 1334 281 1403 corruptorum
294 1326 441 1405 nequitias
457 1326 723 1406 deprehendimus,
752 1328 796 1387 sic
815 1329 936 1390 laudem
958 1339 1104 1398 emendati
1120 1352 1173 1402 aut
1221 1328 1225 1335 „
1308 1394 1311 1399 .

66 1427 212 1485 vindicati
245 1430 391 1508 cujusque
420 1430 480 1487 loci
506 1431 621 1489 auctori
642 1451 698 1488 suo
724 1430 891 1490 tribuimus.
943 1436 1005 1512 Ego
1032 1432 1195 1519 equidem

67 1548 127 1588 cnm
147 1529 245 1590 video
266 1538 390 1598 stremra
403 1529 562 1588 doctorum
578 1529 732 1591 homiuum
753 1553 847 1610 opera
862 1535 989 1595 aliorum
1005 1550 1075 1618 post
1096 1545 1172 1604 alios

66 1631 200 1691 limatam
223 1629 454 1692 Demosthenem
477 1642 507 1689 et
533 1633 679 1709 gradatim
697 1634 849 1691 meliorem
874 1635 1003 1711 sactum,
1031 1651 1065 1698 ut
1087 1663 1170 1704 nunc

65 1736 213 1812 possimus
243 1755 279 1793 eo
303 1753 372 1792 cum
399 1733 499 1810 alique
521 1734 720 1793 delectatione
748 1735 844 1792 multo
868 1737 1050 1814 expeditius,
1080 1751 1172 1821 atque

66 1835 190 1917 nnjorss
204 1837 302 1894 nostri
317 1844 465 1914 poterant,
480 1835 533 1908 uti,
549 1814 678 1894 reneror
691 1855 795 1893 eorum
808 1856 919 1912 manes,
930 1837 982 1916 qui
997 1841 1054 1897 mei
1067 1863 1168 1919 causa,

66 1959 153 2015 quem
173 1958 239 1996 non
257 1947 383 2012 norant,
405 1937 538 1996 nondmn
554 1948 672 2010 natum,
692 1937 920 1999 innumerabiles
942 1959 1100 2018 suscepere
1123 1946 1170 2003 la-

64 2039 167 2115 bores,
193 2059 326 2118 quonnn
338 2059 436 2118 neque
455 2059 612 2097 numerum
626 2059 723 2116 neque
738 2041 972 2117 magnitudinem
986 2042 1169 2118 cogitatione

63 2148 281 2219 consequatur,
295 2141 353 2200 nisi
367 2143 419 2220 qui
434 2122 521 2201 simili
537 2141 568 2198 in
580 2141 707 2220 pistrino
726 2140 937 2217 desudaverit,
956 2144 1089 2223 parique
1102 2168 1169 2207 rno-

62 2244 98 2303 do
109 2263 204 2322 spero
218 2240 370 2319 futurum,
382 2253 417 2302 ut
435 2253 517 2321 grata
531 2244 692 2322 postet-itas
707 2241 875 2317 meminerit
889 2240 1062 2322 aliquando,
1075 2232 1169 2310 fuisso

60 2345 224 2405 lieiskium·
237 2346 404 2426 quendam,
423 2345 572 2405 hominem
594 2345 792 2416 laboriosum,
818 2347 884 2421 qui,
906 2364 965 2422 quo
992 2347 1168 2412 Demosthe.

59 2468 124 2507 nem
139 2448 201 2531 sibi
218 2448 251 2531 in
270 2468 376 2506 manus
400 2447 488 2506 daret
505 2448 588 2505 lectu
607 2453 637 2505 et
652 2453 800 2523 perceptu
821 2445 986 2522 planiorem
1007 2455 1169 2513 emacula-

59 2550 243 2629 tioremque,
263 2550 354 2608 nullis
373 2549 499 2624 vigiliis,
515 2547 590 2604 nulli
606 2566 729 2624 operae,
742 2546 818 2604 nulli
833 2549 978 2626 pecuniae
995 2551 1086 2626 adeo,
1109 2575 1167 2633 pe..
1198 2548 1202 2555 '
1228 2549 1244 2633 x*

59 2651 208 2729 percssit,
230 2651 339 2709 multas
360 2642 586 2709 commoditates
602 2647 763 2724 spreverit,
778 2649 888 2729 multas
908 2650 999 2708 taedii
1021 2652 1168 2730 plenissi-

59 2772 120 2811 mas
150 2747 305 2811 molestias
328 2753 409 2810 ultro
431 2750 612 2827 susceperit,
640 2767 746 2805 sannas
775 2752 937 2810 stultormn
964 2758 1164 2834 contemserit,
1203 2766 1208 2773 '

57 2853 207 2932 jacturam
228 2854 274 2911 rei
287 2853 438 2912 familiaris
458 2853 613 2928 bonaeque
626 2848 809 2907 valetudinis
823 2852 902 2941 bono
919 2854 1045 2929 publico
1058 2855 1165 2916 lubens

60 2954 294 3028 condonaverit,
310 2956 403 3013 uires
432 2955 540 3012 mentis
562 2960 591 3009 et
620 2952 756 3028 corporis
786 2952 966 3029 impenderit
992 2954 1164 3031 ignotorum

59 3056 174 3132 studiis,
196 3056 411 3130 commoditati,
428 3055 627 3112 delectationi.
650 3054 815 3110 Doctorum
828 3050 981 3113 hominum
996 3057 1034 3114 ad
1053 3059 1165 3119 Demo‹

61 3159 196 3218 ahenam
209 3157 477 3216 animadversiones
494 3156 563 3215 dum
576 3155 704 3228 excutio,
718 3157 811 3213 miror
822 3155 900 3215 olias
913 3155 1034 3227 humani
1048 3158 1166 3236 ingenii·
1192 3227 1194 3232 ¹

61 3260 226 3322 solertiam·
241 3269 271 3318 et
286 3259 402 3336 igneam
424 3259 501 3332 vim,
524 3257 596 3314 alias
618 3259 793 3315 coecitatem
809 3243 849 3325 ‚e't
868 3256 1080 3317 infirmitatem.
1127 3261 1164 3320 lu
1251 3319 1270 3331 ,,
1347 3309 1349 3319 .

63 3361 317 3424 emendationibus
339 3360 475 3418 felicibus
494 3366 524 3415 st
543 3377 636 3435 paene
662 3357 773 3429 divinis
801 3375 889 3415 cerno
913 3367 943 3415 et
965 3360 1164 3431 mirabundus

36 3442 40 3448 ¹
62 3465 190 3547 suspicio
205 3463 270 3522 vim
280 3459 539 3538 mentishumanae
553 3479 592 3517 ex
605 3459 729 3518 occultis
739 3459 870 3535 vestigiis
883 3458 1038 3519 veritatem
1052 3482 1163 3521 eruen-
1177 3505 1184 3512 -
1226 3494 1229 3499 ·

61 3568 109 3644 tis;
130 3585 246 3648 prnsus
267 3560 399 3622 errantes
420 3563 451 3619 in
464 3560 553 3620 rebus
570 3560 664 3618 obviis
685 3570 715 3619 et
727 3560 887 3618 notissimis
907 3561 1020 3639 sibique
1035 3568 1162 3643 prorsus

62 3668 218 3728 dissimiles
243 3684 310 3724 cmu
331 3663 437 3735 video,
467 3662 642 3737 obliviosos,
667 3682 767 3721 earum
790 3661 923 3740 ipsarmn
942 3684 1059 3740 rerum,
1086 3688 1164 3745 quas

61 3781 180 3832 nossent
204 3769 335 3846 alibique
358 3787 445 3846 saepe
469 3765 580 3844 optime
598 3765 806 3836 tradidissent,
828 3764 1031 3839 immemores,
1049 3784 1161 3845 pueros

60 3868 349 3954 paeneturpissime
368 3888 399 3926 se
421 3868 540 3942 dantes,
564 3864 707 3937 recordor
729 3866 817 3923 sortis
836 3886 933 3941 meae,
948 3868 1096 3926 miseratio
1115 3884 1162 3923 me

59 3976 129 4035 subit
140 3973 236 4034 sortis
248 3969 324 4029 mihi
335 3989 404 4046 cum
417 3968 545 4027 humano
562 3968 641 4027 omni
657 3986 761 4044 genere
782 3968 959 4042 communis,
975 3978 1004 4026 et
1023 3976 1058 4023 ut
1071 3986 1162 4044 praea,

59 4077 134 4136 clara
157 4063 290 4134 aliolurn
308 4072 430 4131 inventa
449 4069 553 4128 lubens
571 4081 600 4128 et
622 4071 747 4151 gestiens
772 4090 988 4140 commemoro,
1011 4067 1161 4143 collaudo,

58 4176 257 4258 ¹depraedico,
279 4174 323 4233 sic
342 4173 475 4253 lapsibus
497 4191 601 4230 eorum
623 4171 718 4230 facilis
739 4171 872 4250 ignosco.
919 4169 1015 4240 Quam
1039 4163 1163 4228 eandem

56 4283 241 4360 nequitatem
255 4275 370 4339 rebeliis
384 4293 503 4354 quoque
516 4272 592 4333 mihi
605 4281 635 4332 et
650 4274 780 4352 deposco
796 4283 825 4330 et
841 4292 894 4351 spe
905 4265 1066 4351 praecipio,
1081 4289 1165 4333 meo-
1205 4352 1214 4357 -

743 4387 846 4433 mas
867 4397 921 4465 sq
