2776 4748
166 255 245 302 m
429 202 435 209 ’
505 310 507 317 ,
560 234 883 323 enarrarre:

148 379 639 484 ·aus·0u10‚utaegr01eisntua
666 394 922 469 rememora
938 403 1049 488 legitur
1063 408 1181 490 synar
1196 407 1273 490 asp.
1295 448 1300 456 .

169 513 242 572 de
234 509 387 572 insomniis
419 529 487 568 cum
508 509 717 605 commentamo
737 508 903 587 Nicephori
932 511 1098 589 Gregorae,
1132 533 1151 570 a
1182 532 1275 573 mauu

168 614 283 691 scripta
305 613 400 670 multo
420 612 601 690 antiqm'ore,
623 601 656 670 in
672 609 787 669 chartis
800 612 888 688 longe
903 612 983 686 aliis,
1005 614 1101 675 literis
1120 598 1276 675 horridis

168 715 269 789 ribus,
289 734 357 774 cum
368 713 469 773 nescio
484 715 592 795 quibus
606 733 644 775 ex
655 711 828 777 Aristotele
832 712 1013 792 fragmentis.
1085 738 1087 743 ·
1168 748 1172 755 ·
1215 727 1218 735 ·

602 952 609 965 κ
658 918 690 1002 ι.
733 926 785 988 ιο.

491 1052 538 1114 De
560 1049 661 1117 codice
675 1038 941 1137 'Moermunnianoi

243 1227 396 1288 Gerardus
404 1223 621 1300 Mearmanuus,
632 1224 686 1284 Vir
694 1224 895 1306 ethonoribus
905 1235 936 1285 et
946 1226 1059 1287 meritis
1069 1227 1106 1288 de
1115 1227 1269 1309 lurispl'u·

171 1333 274 1393 desitis
287 1330 427 1390 nobiliori
441 1328 584 1402 illustris,
608 1347 623 1385 e
643 1302 827 1385 bibliotheca
845 1348 898 1386 sua
921 1327 1034 1390 codicis
1049 1330 1272 1391 Demosthenici

170 1435 289 1514 copiam
315 1408 389 1490 mihi
411 1431 498 1504 fecit,
527 1430 655 1488 tenentis
668 1449 737 1488 cum
752 1428 979 1513 quatuordecim
993 1431 1170 1511 Philippicis
1183 1418 1276 1495 etiam
1293 1436 1305 1455 ’“

129 1604 132 1609 ,
170 1537 247 1595 dues
270 1537 416 1639 adversus
433 1529 619 1590 Aeschinem
655 1531 758 1589 Codex
780 1539 825 1589 est
838 1530 871 1588 in
889 1530 992 1591 charte
1004 1533 1184 1611 bombycina
1199 1554 1278 1595 exa«

73 1682 79 1695 ,
169 1648 274 1731 ratus,
315 1619 422 1707 manu,
449 1651 528 1690 non
565 1633 618 1690 illa
665 1616 786 1710 quidem
824 1630 1004 1710 inelegante,
1050 1635 1105 1694 sed
1139 1632 1286 1712 indocta,-

117 1755 121 1767 “
168 1725 319 1819 superiori
356 1735 493 1809 saeculo,
515 1743 551 1791 ut
587 1734 764 1810 videbatur,
801 1733 903 1794 nescio
940 1753 1053 1813 quoe
1036 1732 1199 1811 elibro,
1210 1758 1276 1800 ιιοιι

168 1840 282 1920 optimo
309 1838 431 1915 quidem
450 1836 530 1910 illo„
556 1833 735 1915 exscriptus.
773 1834 865 1908 Quod
884 1852 954 1893 cum
977 1834 1052 1896 mihi
1074 1858 1091 1896 e
1112 1838 1275 1901 collatione
1303 1906 1309 1916 ,

169 1938 420 2019 Olynthiacarum
448 1935 646 2013 constitisset,
684 1932 809 1998 obrutus
838 1935 904 1995 aliia
925 1937 1026 1997 multis
1049 1928 1274 2016 negotiis-bito

78 2021 82 2028 ”
168 2041 381 2105 remittendum
399 2036 624 2098 duxi‘eodicem
637 2038 676 2097 ad
690 2038 854 2098 donuinam.
898 2040 1064 2116 Specimina
1088 2048 1187 2099 tamen
1207 2040 1276 2120 ejus

166 2143 327 2220 inlibello
347 2139 527 2200 variantium
545 2140 692 2201 dabimus.
739 2140 843 2199 Gratia
863 2128 962 2198 tarsen
985 2138 1178 2202 humanitatis
1197 2134 1275 2203 mihi
1303 2146 1309 2156 '

167 2245 200 2307 in
223 2243 284 2302 hoc
308 2242 411 2302 codice
436 2225 686 2302 communicando
705 2243 924 2315 demonstratae
943 2240 1038 2302 nihilo
1059 2243 1157 2302 minor
1176 2262 1290 2325 penes¹

126 2400 132 2419 Ι
168 2367 224 2405 nos
242 2344 364 2404 domino
382 2343 494 2407 codicis
511 2355 627 2422 manet,
644 2366 680 2407 ac
694 2346 720 2406 si
738 2343 870 2406 omnimn
882 2343 981 2406 codex
989 2344 1040 2465 ille
1052 2344 1278 2447 praestantissi-

125 2492 143 2514 „
169 2465 235 2509 mus
246 2446 358 2509 fmsset

658 2647 786 2732 ιιι.
886 2681 893 2689 „
971 2598 976 2610 ’

537 2781 584 2845 De
605 2782 683 2846 libro
708 2769 905 2847 Weimarcno·
1075 2814 1079 2823 ·
1174 2771 1179 2785 ’

121 2940 126 2947 ’
186 2954 190 2971 ¹
240 2952 394 3015 Interdum
416 2951 507 3013 affero
527 2955 674 3033 quaedam
693 2952 1027 3026 alibroweimarano,
1051 2949 1090 3014 de
1112 2970 1173 3034 quo
1197 2949 1277 3021 mihi
1306 3024 1313 3031 ,

169 3055 276 3137 paucis
297 3054 457 3114 dicendum
483 3066 627 3134 superest.
671 3054 936 3130 Bartholomaeus,
958 3055 995 3114 V.
1012 3040 1044 3115 ’0.
1066 3050 1277 3118 Bibliothecae

171 3157 290 3233 ducah,
314 3178 391 3236 quae
411 3155 576 3214 Weimarae
599 3164 660 3230 eat,
678 3156 865 3234 praefectus,
891 3158 940 3216 vir
956 3176 1103 3236 perquam
1118 3157 1282 3219 officiosus,

170 3270 202 3321 et
212 3259 380 3336 humanus,
396 3278 464 3319 omn
476 3256 648 3332 audivisset,
664 3278 712 3316 rue
720 3257 926 3318 Demosthenis
940 3255 1051 3319 ¹‘edendi
1067 3254 1182 3338 cepisse
1197 3261 1277 3319 eon-

172 3362 291 3437 silium,
317 3362 400 3421 ultro
424 3359 525 3420 adme
548 3354 687 3419 mittebat
709 3380 810 3421 mense
823 3360 962 3422 Januario
977 3363 1045 3420 amsi
1063 3365 1155 3430 1766.
1169 3377 1278 3425 exem·

165 3463 259 3543 plum
282 3462 420 3522 editionis
434 3461 559 3521 Aldinae
580 3462 706 3537 ess-illa,
729 3460 778 3518 cui
799 3474 935 3540 praeest,
957 3461 1141 3522 bibliotheca
1157 3459 1275 3538 ducali,

171 3565 223 3624 cui
237 3565 374 3645 exemplo
392 3563 520 3639 Aldine,
536 3563 618 3642 quod
635 3563 706 3620 olim
718 3582 810 3641 penes
826 3545 1043 3644 Marquardum
1057 3562 1192 3625 Gudium
1204 3562 1276 3638 fuit,

83 3743 85 3755 ᾗ
171 3667 227 3727 sed
243 3687 261 3724 a
276 3667 308 3725 C.
328 3669 356 3725 S.
372 3663 637 3738 Schurzlleisclrio,
659 3663 694 3722 id
711 3665 793 3742 quod
808 3685 915 3725 manus
931 3666 994 3745 ejus
1008 3674 1152 3740 testatur,
1172 3665 1205 3722 in
1224 3662 1276 3722 bi-

172 3763 353 3829 bliothecam
381 3768 492 3827 ducum
512 3767 760 3825 Weimarensimn
782 3767 916 3841 illatum,
941 3768 1113 3847 adscriptae
1145 3774 1232 3824 erant
1256 3787 1276 3826 a

172 3869 291 3928 duobus
307 3869 433 3951 diversis
442 3912 450 3942 ,
475 3868 569 3925 altero
584 3868 767 3945 antiquiore,
796 3860 889 3947 altero
901 3867 1039 3946 juniore,
1059 3867 1202 3927 lectiones
1215 3885 1276 3924 va-

172 3970 250 4045 riae,
267 3970 421 4050 inquibus
441 3969 529 4027 etiam
543 3969 703 4027 nonnullae
719 3977 788 4027 sunt
805 3967 936 4046 vulgatis
953 3967 1173 4030 emendatiores.
1208 3965 1274 4026 Has

172 4064 291 4151 appello
313 4071 532 4141 Weimcsnnum
554 4071 743 4148 simpliciter,
760 4090 818 4130 seu
840 4070 1059 4132 Weimamnmn
1068 4064 1274 4130 {comestorem

172 4173 222 4231 vel
246 4189 405 4235 annotatos
406 4197 459 4233 em
503 4173 539 4232 In
560 4172 618 4232 fine
642 4170 733 4252 hujus
751 4172 861 4231 codicis
888 4172 965 4233 haee
991 4176 1092 4255 reperi
1111 4178 1273 4230 annotata:

62 4352 64 4357 ,
156 4269 886 4369 ‚LdeVelcodVenctusllbJouuerio1592
910 4272 1027 4363 multas
1040 4253 1150 4389 iislwe
1170 4270 1273 4344 codice
