2776 4748
259 226 302 245 ··
380 230 838 320 roosnosrurnrn.
993 200 997 205 ’
1099 221 1199 303 2111ss

56 404 125 464 bus.
168 402 205 463 In
215 402 283 479 bis,
297 403 443 484 quiequid
455 405 487 463 in
500 414 583 464 texto
598 406 747 466 Parisinae
767 392 905 465 editionis
919 409 1033 466 mutavi
1041 454 1049 484 ,
1069 411 1173 484 sedulo
1281 391 1284 404 Δ

58 507 209 566 indicavi.
255 505 435 585 Simpliciter
455 507 618 583 cumldico
649 511 770 567 correxi
794 518 845 567 aut
872 507 956 584 dedi,
984 513 1058 570 certi
1083 515 1188 575 velim*

57 607 296 692 sint’lectores,
323 609 357 666 id
380 609 564 685 ert-antiquis
586 610 687 683 libris,
712 609 773 668 sive
791 611 901 684 editis,
917 610 987 687 sssivs
1005 595 1175 672 manusetiss

59 712 139 792 ptis,
174 720 308 768 sumtum
331 730 403 768 esse.
447 710 531 767 Unde
548 719 681 768 sumtum
704 711 844 790 quodque
873 712 925 786 sit,
955 713 1074 773 docebit
1095 717 1172 775 liber

59 811 257 872 variantium.
302 812 333 869 Si
354 809 428 888 quid
450 821 548 869 autem
571 812 692 870 denseo
713 833 803 871 seusu
823 823 853 872 et
867 804 990 877 arbitrio
1005 819 1120 877 mutavi
1134 819 1172 879 de

60 915 348 988 remunetione,
370 912 404 971 id
426 914 532 971 sedulo
555 914 702 989 indicavi,
727 916 864 974 addendo
888 913 924 973 de
938 939 1003 975 mea
1017 898 1169 993 sententio,

60 1028 108 1084 aut
127 1014 170 1075 de
182 1039 247 1076 meo
273 1039 371 1088 sensu,
394 1025 447 1073 aut
466 1014 590 1075 arbitrio
611 1037 692 1091 meo,
713 1027 764 1076 aut
783 1032 885 1098 sponte
902 1041 984 1093 mea,
1005 1031 1056 1079 aut
1076 1021 1170 1080 simile

62 1120 144 1199 quid.
194 1119 232 1176 111
246 1118 313 1196 ipso
326 1126 411 1176 texto
427 1118 573 1196 ejusmodi
591 1118 666 1176 locis
691 1119 728 1177 de
748 1141 814 1178 meo
829 1121 960 1199 mbittio
982 1123 1104 1181 mutatis
1124 1110 1169 1179 if-

59 1222 108 1312 bxi
128 1220 302 1294 stellulam,
326 1240 402 1298 quae
426 1221 563 1279 insistere
583 1221 738 1299 paulisper
757 1231 790 1284 et
811 1222 987 1282 addubitare
1010 1225 1168 1300 lectorem,

60 1335 88 1385 et
111 1343 267 1404 quaerere
288 1322 406 1401 jubeat,
435 1331 469 1379 et·
489 1331 678 1400 exspectare,
705 1323 800 1382 donec
813 1324 961 1403 prodierit
976 1335 1079 1384 noster
1104 1328 1169 1384 ani-

33 1428 36 1432 *
60 1426 308 1488 madversiouum
322 1422 617 1483 Demosthenicarum
633 1420 1036 1506 libcr,‘priusqumn=judicio
1050 1448 1105 1486 suo
1120 1449 1168 1488 ms

59 1530 230 1591 confodiat.
283 1525 372 1584 Haud
399 1545 446 1583 me
468 1525 563 1602 fugit',
585 1547 693 1604 magna
713 1549 761 1587 me
784 1530 920 1590 laborare
937 1529 1053 1606 =invidia
1078 1539 1169 1608 atquc

60 1633 182 1711 ptfamia
196 1630 278 1703 ideo,
293 1626 375 1705 quod
393 1636 530 1686 auctores
546 1640 662 1688 veteres
679 1629 858 1708 conjecturis
872 1633 960 1702 meis,
975 1642 1010 1688 ut
1026 1632 1166 1703 clamant,
1271 1700 1276 1706 ί

43 1733 271 1796 contaminem.
315 1728 407 1788 Haud
422 1728 562 1805 equidem
581 1730 748 1804 infitiabor,
769 1730 834 1790 fieri
848 1730 1031 1809 ‘aliquando,
1054 1741 1089 1790 ut
1108 1733 1167 1790 im-

59 1837 248 1921 portunitate
265 1832 394 1917 quadam
406 1850 473 1889 mea
485 1822 561 1890 labis
575 1832 690 1910 aliquid
705 1834 832 1891 vetustis
848 1832 1022 1892 auctoribus
1040 1833 1167 1912 adsper-

60 1936 152 2020 gani.'
180 1938 353 1997 Hmnanum
371 1932 431 1990 hoe
450 1941 504 1991 est
548 1933 657 2010 Negeri
678 1945 779 1994 tamen
799 1955 905 1995 rursus
921 1936 1045 2015 nequit,
1067 1936 1166 2012 ringet
1204 1961 1208 1968 -

58 2045 129 2105 licet
152 2051 184 2100 et
204 2047 368 2117 rumpatur,
383 2033 512 2108 invidia,
532 2054 579 2093 ine
599 2036 694 2094 multo
715 2037 819 2115 plures
834 2038 917 2095 locos
932 2038 1104 2114 gravissime
1120 2038 1166 2096 af·
1210 2023 1212 2027 ’

57 2149 154 2208 sectos
167 2153 200 2204 et
212 2143 385 2220 desperatos
403 2137 437 2194 in
451 2137 607 2210 Petronio,
627 2137 660 2194 in
675 2137 854 2212 Theocrito,
878 2138 1018 2217 aliisque,
1041 2141 1066 2199 si
1088 2161 1165 2219 quos

57 2243 165 2323 edidi,
180 2245 253 2328 (qui
273 2241 362 2322 pauci
384 2237 472 2316 sunt)
493 2241 609 2299 sanasse
630 2239 767 2299 feliciter.
811 2241 879 2298 Non
892 2240 1006 2318 primus
1028 2263 1080 2318 ego
1107 2242 1164 2300 edo
1248 2242 1251 2247 ’

56 2363 214 2423 auctores,
241 2345 295 2406 sed
313 2351 384 2423 post
403 2341 513 2400 multos
541 2341 628 2416 alios,
655 2363 671 2400 e
697 2361 826 2420 quorum
847 2342 1025 2401 editionibus
1044 2352 1163 2402 vetusta

54 2455 146 2515 lectio
159 2448 302 2524 revocari
315 2453 415 2525 potest
423 2488 431 2516 ,
451 2453 567 2521 perine
581 2438 668 2517 lieet,
690 2445 726 2502 ab
741 2427 921 2503 insecuturis
938 2445 1120 2520 editoribus,
1138 2445 1164 2503 si

56 2555 168 2638 qmbus
186 2551 279 2610 lectio
292 2567 358 2606 mea
371 2545 549 2624 displicebit.
564 2596 565 2601 ,
593 2546 769 2623 Ubicmrque
783 2545 897 2605 facinus
912 2544 971 2604 hoc
985 2546 1097 2620 audeo,
1113 2555 1162 2603 to-

57 2660 111 2718 ties
126 2657 197 2736 ipse
210 2671 265 2728 ego
273 2650 307 2708 id
316 2669 438 2738 moneo3
461 2668 521 2705 non
534 2648 649 2724 furtim,
663 2668 725 2708 non
738 2649 894 2722 clam,non
908 2649 998 2707 tacite
1015 2667 1087 2709 aero,
1096 2666 1163 2706 mea

57 2780 130 2821 auro
145 2763 279 2816 vetusto·
295 2751 461 2824 substituo,
481 2760 516 2807 ut
535 2750 723 2830 Stephanus,
741 2761 775 2809 ut
789 2752 875 2809 Wolf
877 2748 920 2830 *),
943 2760 978 2809 ut
990 2736 1059 2809 Itali
1073 2751 1163 2824 longe

56 2859 184 2946 plm'imi
197 2859 351 2941 secemmt,
372 2863 409 2913 ut
421 2836 590 2926 Bentleius,
612 2863 648 2910 ut
673 2852 838 2925 editorum,
865 2852 917 2928 qui
931 2842 1022 2907 >hodie
1043 2832 1173 2906 veteres¹
1200 2842 1202 2845 ⁸

56 2975 197 3026 auctores
213 2946 381 3030 recudimt,
403 2974 498 3033 paene
518 2954 618 3011 nullus¹
636 2973 712 3028 non,
735 2973 828 3029 quos,
848 2952 873 3009 si
896 2973 944 3010 me
957 2951 1017 3009 hoc
1039 2950 1163 3013 crimine
1305 2970 1308 2975 ·

56 3063 222 3148 urgebunt,
242 3081 312 3121 reos
335 3055 468 3138 ejusdem
492 3044 788 3131 contraaga1115sed
809 3040 968 3129 Petronio,
996 3052 1049 3111 scd
1063 3050 1162 3111 Theo-
1228 3085 1231 3090 ·

58 3173 151 3244 crito,
176 3164 231 3225 sed
241 3159 385 3238 huicipsi
396 3156 588 3217 Demostheni
599 3157 732 3215 tabulam
751 3157 854 3215 addidi
877 3155 1078 3237 mutationum
1096 3175 1162 3213 mea
1262 3141 1270 3150 Ἀ

56 3280 167 3354 sponte
178 3268 425 3344 importatarum,
442 3282 458 3320 e
479 3259 563 3338 eujus
576 3259 761 3337 inspectione
774 3260 874 3319 statim
887 3266 1072 3347 agnoscetur,
1087 3241 1168 3334 quid

27 3435 30 3445 ,
60 3374 136 3434 anie
151 3372 193 3428 sit
212 3367 399 3446 profectum,
420 3355 495 3442 quid
510 3382 524 3420 e
540 3360 635 3436 libris.
679 3361 809 3427 Periculi
828 3360 903 3419 nibil
918 3359 952 3418 ab
964 3359 1022 3417 hac
1034 3379 1100 3416 mea
1111 3346 1161 3427 ra·
1225 3387 1228 3390 Δ

30 3532 33 3536 .
59 3477 145 3535 tione·
155 3469 301 3530 imminet.
346 3469 441 3545 Saepe
460 3464 544 3524 rideo
557 3453 725 3521 mecum'et
738 3463 863 3522 miseros
876 3471 1048 3540 nostrorum
1061 3453 1161 3536 helui·

60 3598 130 3638 num
162 3565 335 3648 surltitiam,
353 3559 412 3648 'qui
432 3587 536 3627 veram
556 3584 677 3626 manum
698 3562 954 3644 Evangelistarum
978 3572 1009 3622 et
1030 3561 1160 3641 Aposto-

63 3765 270 3784 W

19 3876 22 3883 '
90 3878 119 3943 *)
140 3876 251 3935 Dirces,
265 3888 344 3941 quam
358 3860 449 3920 misere
466 3867 544 3938 Wolf
554 3876 637 3920 totam
652 3872 796 3921 orationem
815 3867 855 3938 (in
868 3842 1018 3926 Neaeram)
1031 3834 1163 3932 funestae
1203 3854 1209 3863 ¹
1234 3892 1238 3895 >

129 3963 168 4012 rit
188 3956 372 4023 (conjecturis
390 3971 492 4023 nempe
511 3957 567 4007 suis
585 3957 616 4008 in
632 3965 740 4009 textum
757 3953 964 4020 immittendis).
1000 3947 1161 4001 TAYLOR.

125 4045 164 4100 ad
182 4063 209 4115 p.
228 4061 298 4116 733,
317 4056 360 4111 35.
397 4042 434 4092 Et
450 4040 631 4095 nibilominus
649 4054 745 4094 tamen
762 4024 870 4094 textum
888 4042 970 4093 Dem.
988 4034 1161 4086 Wolfionum

126 4133 214 4185 etiam
233 4129 408 4207 principibus
425 4124 620 4191 inliteratum
637 4144 737 4197 graeca
755 4127 821 4178 viris
839 4141 925 4194 purus
944 4131 1028 4189 putus
1046 4128 1088 4172 'est
1106 4121 1162 4172 De·
1256 4136 1260 4140 ·

126 4218 309 4282 mosthenes,
334 4212 425 4284 quslis
451 4225 484 4262 ex
510 4211 598 4282 ipsius
624 4211 745 4268 auctoris
764 4227 850 4265 manu
866 4206 981 4280 prodiit.
1031 4207 1104 4260 Hem
1121 4222 1166 4277 ss·

103 4358 110 4367 ,
129 4296 269 4376 ρίεπῑίὲιεῑ
338 4332 341 4337 -
