2776 4748
39 162 42 167 ¹
140 217 217 279 aaa
347 210 350 215 ’
493 159 831 288 ῑῑιιςιιιιιίιιο

123 358 269 465 ιἰιιιιιιι,
286 356 312 444 si
328 368 403 444 bene
421 380 563 457 memini,
584 382 616 441 in
636 390 723 441 oratt.
745 354 937 461 pro'core'tra
956 387 987 438 et
998 373 1043 443 ¹de
1064 366 1139 442 talea
1153 381 1248 462 legat·

139 472 309 548 versantur.
340 487 451 545 Multae
467 492 536 543 sunt
551 495 653 562 aperte
674 486 773 544 falsae
786 493 1013 570 testanturque,
1032 484 1248 549 Marklandum
1272 559 1279 568 1

141 572 389 652 inDemosthene
407 587 499 648 fuisse
517 583 685 665 hospitem:
695 589 840 646 ‘Tricatur
859 585 891 644 in
906 587 1103 676 commatibus
1117 584 1149 647 et
1162 607 1248 669 puu-

67 683 70 691 ’
140 693 197 771 'rtis
214 700 298 752 recte
305 687 548 753 constituendis-z
566 700 646 765 quae
662 707 710 748 res
720 687 814 748 laude
829 689 894 746 non·
905 668 1002 763 daret,
1018 707 1132 767 magna
1142 698 1251 749 tamen

88 843 97 863 ,
139 800 171 855 et
186 796 343 875 praeclara
357 793 474 871 paline
472 791 609 870 profecto
624 799 751 864 nonest.
774 773 1248 887 Tayloranaenotaesuntbonae

138 898 235 991 leugis
251 899 368 976 plenae.
401 894 459 952 Sed
472 901 615 972 apparet,-
622 907 694 951 eum
708 874 862 951 meliorem
878 908 941 952 esse
953 892 1030 971 juris
1045 891 1161 953 Attici
1152 894 1251 953 niter-

58 1050 59 1057 .
140 1000 273 1081 pretam,
295 1000 328 1056 in
350 1016 410 1075 quo
430 1005 551 1073 regiam,
577 1006 668 1072 quam
693 972 837 1052 criticum
853 1014 907 1056 seu
924 988 1161 1070 emendatorem,
1184 998 1251 1075 qual

74 1163 84 1176 .
140 1102 174 1162 in
194 1120 300 1179 genere
314 1108 422 1180 parunt
442 1099 523 1156 valet
545 1106 575 1154 et
595 1115 709 1173 paene
707 1096 948 1154 contemnendus·
972 1106 1025 1155 est.
1070 1095 1166 1157 Notae
1181 1099 1249 1157 cui-

111 1261 114 1270 ,
140 1225 202 1284 que
226 1204 355 1262 orationi
375 1201 484 1261 'statim
505 1197 660 1285 subjectae
680 1197 845 1259 ordiuntur
875 1199 912 1257 ab
942 1198 1131 1258 enarratione
1155 1219 1247 1277 argu·

45 1316 47 1321 ⁴
138 1315 313 1365 mentorum
327 1302 451 1380 singulis
469 1299 838 1378 quibusqueorationibus
862 1293 1076 1378 tractatorum,
1101 1313 1131 1362 et
1147 1303 1248 1361 abin:
1287 1338 1289 1351 .

140 1402 300 1482 dagatione
318 1404 480 1483 temporis,
504 1401 675 1484 quaeratis
690 1421 826 1480 quaeque
840 1402 944 1461 habita
961 1414 1014 1462 est.
1031 1415 1033 1419 ’
1059 1405 1249 1485 Sed‘pler'ae-

139 1517 201 1588 que
219 1499 436 1567 consumuntur
446 1507 479 1563 in
493 1503 680 1581 expositione
694 1505 858 1564 leetionuin
875 1506 1063 1565 variantium.
1094 1507 1156 1566 Noa
1172 1528 1248 1568 vero
1271 1483 1275 1491 .

139 1612 292 1669 variantes
318 1611 360 1668 ab
388 1605 629 1665 assentationibus
658 1606 771 1665 nostris
800 1607 1007 1690 separavimus
1045 1617 1075 1668 et
1100 1609 1248 1687 peculiari

140 1712 219 1771 libre
235 1700 448 1770 conclusimus.
472 1707 688 1784 annonaque,
706 1707 836 1784 qmfiat
853 1717 887 1768 ut
899 1710 1014 1786 Taylor
1025 1700 1179 1770 interdtun
1191 1732 1247 1815 nur

29 1853 36 1862 -
141 1815 189 1872 ad
196 1816 305 1873 librum
323 1811 506 1870 variantium
523 1808 657 1884 ableget,
680 1819 716 1866 ut
730 1799 844 1888 seeitp
862 1815 890 1874 1
905 1815 956 1876 43
973 1816 1024 1876 24
1042 1806 1121 1879 588·
1127 1819 1182 1878 83·

209 1914 361 1975 Gratiam
378 1912 483 1988 utique
498 1929 644 1986 magnam
657 1931 683 1968 er
675 1911 860 1970 debemus.
875 1896 1003 1971 Multum
1024 1913 1174 1992 proiecit,¹
1183 1914 1247 1973 bo-

139 2034 212 2074 num
232 2023 263 2072 et
285 2013 407 2077 firmum
427 2013 501 2095 jecit
521 2011 766 2086 fundamentum,
790 2013 840 2072 c'ui
859 2022 930 2093 past
956 2014 1110 2074 venientes
1137 2035 1247 2096 super

62 2105 66 2111 ¹
139 2100 268 2175 struant.
312 2112 344 2172 Si
367 2115 465 2172 minus
490 2113 673 2192 perrectum
682 2114 756 2192 quid
770 2115 870 2189 dedit,
894 2118 995 2194 eequis
1017 2116 1095 2176 unus
1114 2118 1248 2183 omnium

95 2198 106 2256 ³·
138 2219 199 2278 lroc
213 2219 246 2276 iu
262 2233 367 2295 genere
384 2218 553 2296 perfeetum
568 2210 644 2291 quid
654 2219 759 2276 enixus
775 2218 841 2277 est'i
861 2218 947 2303 Viam
960 2220 1148 2312 monstravit.
1181 2222 1249 2283 Hac

139 2322 213 2385 satia
225 2321 263 2379 ad
277 2339 415 2397 magnam
429 2319 628 2395 stabilemque
637 2316 769 2392 gloriam.
799 2321 886 2397 Ego
877 2340 958 2399 ipse,
976 2304 1156 2400 quarnquain
1168 2325 1249 2383 ιιιιι1-Ι

135 2433 173 2481 te
182 2434 305 2501 ,quam
326 2423 452 2502 Tayior,
475 2417 608 2502 processi
631 2419 768 2518 longius,
792 2422 904 2502 optime
924 2433 1025 2483 tamen
1044 2426 1133 2500 novi,
1157 2447 1248 2504 quam

138 2525 270 2584 multurn'
290 2527 389 2602 operis
394 2525 507 2583 affecti
524 2520 699 2598 reliquerim
723 2524 795 2582 aliis
792 2524 1026 2604 perficiendum.
1069 2528 1134 2585 Una
1148 2526 1248 2586 homi-

140 2640 216 2685 num
236 2636 329 2685 aetas
336 2634 436 2687 tantae
456 2629 501 2686 rei
521 2645 615 2708 perag
599 2626 710 2684 <rendae
731 2625 820 2685 haud
836 2625 955 2685 suflicit.
1000 2628 1118 2687 Dictis
1124 2630 1249 2722 Taylon'

140 2730 236 2789 latina
246 2728 329 2788 haud
342 2730 458 2811 placet:
481 2730 633 2804 obscura}
652 2728 804 2800 affectata,
827 2730 935 2808 putida
953 2738 1007 2788 est.
1053 2731 1112 2788 Sed
1131 2751 1254 2809 patrnos¹

89 2823 92 2832 ’
117 2832 226 2891 'novi
239 2831 392 2913 Augias,
402 2832 455 2911 qui
477 2832 583 2893 latine*
592 2830 727 2899 scribere
756 2831 942 2891 didicissent.
987 2820 1106 2890 Latinae
1128 2831 1248 2910 linguae

139 2917 294 3010 neglectus
306 2935 351 2993 illi
368 2935 448 3013 genti
470 2937 634 2996 'communis
650 2936 704 2994 est
748 2935 786 2992 Et
793 2944 900 2994 tamen
913 2915 1043 3013 Taylor,
1069 2934 1094 2991 si
1114 2934 1159 2993 ad
1168 2935 1247 2994 alies

138 3035 252 3112 Augias
275 3045 446 3114 spectetur,
469 3038 568 3097 adhuc
589 3041 665 3097 bene
688 3037 801 3099 aeribit
847 3036 956 3097 Melius
975 3037 1000 3093 si
1023 3036 1128 3093 scisset
1142 3037 1246 3112 latine,

73 3126 86 3161 4
135 3157 229 3216 'saepe
241 3159 305 3196 non
315 3137 516 3216 vituperasset
529 3140 684 3215 Woifium3
708 3148 796 3216 quam
815 3138 882 3197 ideo
895 3136 1081 3195 solummodo
1097 3157 1246 3221 persaepe

139 3238 341 3297 vehementer
353 3240 509 3316 ¹exagitat,¹
526 3240 608 3318 quod
626 3239 752 3298 'laturam
773 3240 881 3298 Wolfii·
897 3239 1057 3296 dictionem
1069 3239 1122 3307 v(si
1142 3241 1256 3300 wallii-

141 3350 185 3400 est
194 3385 203 3416 ,
224 3360 322 3418 neque
339 3342 441 3420 laetius
456 3343 618 3402 Sebastiani
636 3342 827 3416 Castalionis,
844 3351 874 3399 at
889 3363 906 3398 o
922 3340 1027 3418 quanti
1036 3316 1147 3399 viri‘iu
1161 3341 1246 3420 judi-

139 3443 187 3501 cio
202 3441 391 3520 latinitatisl)
408 3443 516 3502 bonam
529 3455 558 3505 et
572 3445 725 3523 propriam
741 3445 805 3526 ipse
822 3465 882 3501 non
893 3440 1084 3520 intelligeret.
1128 3438 1248 3523 Repre-

5 3533 30 3625 ’ἱ
64 3536 69 3541 ’
138 3545 260 3620 hendit,
275 3545 618 3623 quaeleudandaetiam
638 3555 751 3618 essent,
776 3557 805 3625 el
825 3567 933 3624 gnarus
950 3547 1076 3624 quisque
1091 3546 1248 3605 beneola*

34 3665 52 3673 “’
138 3649 271 3708 finitatis*
281 3647 443 3705 aduriratus
455 3657 540 3706 esset.
563 3648 598 3706 In
614 3648 838 3727 antiquitatibus
855 3647 1046 3706 enucleandis
1063 3649 1246 3707 satietatem

139 3751 280 3833 sedulus,
301 3751 381 3808 [titre
402 3751 524 3808 medum
550 3751 706 3830 copiosus,
730 3750 824 3807 aliena
847 3760 876 3808 et
903 3751 1030 3832 protrita
1055 3751 1163 3828 ingerit
1183 3760 1246 3808 non

139 3855 201 3914 sine
214 3854 386 3935 jactatione.
430 3854 497 3911 Nan
517 3834 585 3912 satis
606 3854 692 3912 trivit
708 3851 917 3929 grammaticos
935 3862 965 3911 et
981 3851 1147 3910 rhetoricos
1159 3860 1245 3910 vete-

137 3973 188 4013 res
202 3955 431 4016 Demosthenem
444 3956 612 4036 quibusque
630 3954 744 4035 paginis
759 3951 924 4025 laudantes.
963 3957 1031 4014 Non
1045 3953 1115 4012 satis
1131 3953 1246 4011 instru-

140 4065 208 4114 ctus
224 4068 288 4116 erat
304 4057 398 4139 copiis
416 4035 586 4137 *lexiqorum
599 4057 830 4116 rhetoricorum.
876 4058 959 4129 Quae
983 4078 1051 4116 eum
1071 4057 1103 4114 in
1115 4055 1245 4134 Tayloro

139 4158 318 4232 noto‚-b'ene
329 4161 458 4237 memini,
473 4160 576 4222 eadem
589 4179 683 4240 paene
697 4156 771 4217 mihi
783 4159 958 4237 exprobrari
972 4180 1080 4238 posse·
1093 4151 1155 4236 ligo
1170 4175 1246 4232 veru

130 4278 239 4343 *neque
254 4263 424 4344 perlectum
447 4265 522 4347 quid
539 4256 695 4349 profiteor,
707 4262 923 4344 praestituitur
932 4305 940 4336 ‚
964 4270 995 4320 et
1011 4260 1166 4336 festinavi,
1189 4269 1248 4322 eta
