2776 4748
357 136 450 265 'san
485 178 851 285 nsnosrnsuau.
1084 209 1189 275 m

57 350 278 431 'opprimeres
308 366 486 431 mecumque
508 350 636 419 lectores
659 353 765 417 fructu
788 375 871 419 meas
891 373 1000 436 operae
1020 349 1183 425 fraudaret.

66 453 191 523 Deinde
203 453 272 533 quis
285 461 393 525 auctor
405 446 477 527 tibi,
490 455 531 522 mi
542 455 648 533 wolfi,
671 456 731 518 init
747 469 810 521 tam
825 461 910 525 stulti
924 460 1057 537 consilii,
1077 475 1115 523 nt
1124 464 1189 524 Ae-·

65 553 208 635 thiopem
226 552 366 617 lavaresl
403 555 565 634 Ulpianum
587 579 642 637 em
659 560 787 647 latinum
814 561 934 647 fecistil
974 563 1049 639 Quis
1067 550 1181 644 jussit?

65 658 135 732 sut,
153 658 181 719 si
203 659 272 739 quis
289 657 395 739 jussit,
417 678 473 729 cur
495 659 729 743 obsequebaris?
772 638 908 723 Debebas'
927 665 1092 745 sapientior
1106 689 1181 753 esse,

63 779 160 839 qnam
177 758 301 843 ineptus
321 759 478 837 librarius,
501 763 554 843 qui
576 784 607 824 se
629 765 754 833 astulto
766 785 849 829 more
864 766 991 840 saeculi,
1012 767 1074 825 ab
1064 791 1181 867 impor-¹

63 860 146 921 tnnis
163 866 315 923 emiorum
325 861 562 939 flagitationibus
576 865 647 926 duci
660 878 825 948 pateretur.
848 866 981 927 Dobebas
995 869 1114 932 sortiter
1129 895 1182 933 re·

62 963 212 1041 sistere,
207 963 338 1025 debebas
344 963 577 1047 bsbhopolarum
586 969 731 1030 stultitaae
739 971 996 1050 etimportummts
1003 992 1179 1053 responsare

61 1065 202 1141 diriter,
224 1085 283 1127 non
306 1067 435 1143 servire,
462 1089 524 1129 non
544 1070 692 1131 cervicem
706 1072 889 1133 submittere.
933 1073 1056 1134 Poteras
1071 1079 1179 1139 melius
1277 1084 1280 1091 '

62 1169 150 1258 qnid
163 1184 262 1246 agere.
304 1169 467 1253 Ulpianum
478 1169 613 1233 latinum
634 1174 700 1252 quis
709 1174 827 1252 legitl
845 1184 955 1277 quotus
977 1179 1104 1265 quisque
1124 1189 1178 1257 est,

61 1289 215 1349 graecum
221 1291 274 1355 qui
265 1269 390 1349 legati
418 1273 531 1346 nedum
543 1285 579 1334 nt
590 1275 726 1338 latinum.
771 1264 892 1356 Ulpiani
907 1286 961 1337 tua
976 1278 1090 1338 latina
1081 1291 1177 1340 mter·

60 1373 195 1456 pictatio
210 1393 335 1453 prorsus
347 1374 402 1434 illa
416 1384 478 1450 est,
492 1397 584 1456 quam
596 1366 745 1439 nostrates
757 1373 942 1461 proverbio
930 1389 1055 1458 jactant,
1071 1381 1178 1459 quinto

62 1490 170 1557 currus
189 1483 281 1556 rota,
309 1472 427 1538 labor
418 1497 568 1539 meassnm
592 1489 752 1561 peractus,
771 1482 857 1562 eujus
873 1501 961 1541 nemo
986 1482 1041 1541 tihi
1065 1485 1176 1561 gratias

59 1574 159 1639 babet.
206 1574 295 1637 Pro
285 1588 343 1649 osta
361 1574 617 1664 interpretatione
629 1581 748 1671 bonum
762 1568 915 1661 graecum
920 1582 1051 1651 indicem
1068 1584 1177 1647 condi-

59 1681 171 1755 disses,
205 1678 370 1749 addidisses
389 1674 677 1763 Harpocrationem,
705 1693 757 1743 aut
776 1683 859 1743 aliud
882 1679 966 1763 quod
986 1683 1175 1746 rhetoricum

58 1783 181 1845 lexicon
195 1783 362 1856 ineditum,
384 1781 560 1860 digessisses
581 1784 668 1844 istam
682 1793 765 1847 tuam
778 1778 932 1883 horridam
947 1794 976 1845 et
988 1785 1174 1848 inconditam

46 1887 197 1966 sylvam,
202 1885 383 1945 variantium
403 1895 434 1945 et
455 1885 698 1961 annotationum,
725 1896 756 1947 et
778 1876 959 1956 concinnum
982 1888 1014 1947 in
1037 1890 1173 1950 ordinem

58 1988 247 2066 redegissem
267 1986 410 2049 multo
387 2007 432 2047 src
452 1987 595 2068 majorem
618 1988 741 2066 gratiam
762 2011 784 2051 ι
805 1989 1004 2049 lectoribus'
995 1991 1116 2065 misses,
1138 2000 1172 2052 et

56 2091 156 2151 multo
178 2088 289 2153 melius
313 2109 418 2161 oerum
440 2090 604 2177 commodis
623 2090 817 2171 providisses.
863 2090 944 2149 Vitio
965 2090 1028 2161 hoe
1050 2114 1171 2174 quoque
1213 2161 1232 2177 ,Ι

51 2194 125 2254 dmi
135 2190 255 2263 Wolfio.
265 2190 336 2271 jure
354 2200 470 2271 potest,
495 2191 592 2271 quod,
617 2212 716 2273 quum
733 2184 915 2253 decrevisset
931 2193 1091 2266 editionem
1107 2216 1169 2255 nen
1237 2252 1241 2258 ,

54 2297 192 2376 aliquam
204 2291 401 2367 venistioiem
413 2293 543 2381 fideliter
559 2294 686 2355 reddere
697 2293 774 2368 ,sed
785 2288 1019 2375 Demosthenem
1032 2295 1071 2354 ad
1085 2278 1171 2354 inen-

40 2402 116 2461 'tem
131 2417 227 2461 suam
244 2395 459 2468 constitutum,
479 2416 496 2453 a
513 2417 544 2455 se
557 2398 754 2460 reformatum
771 2397 860 2470 dare,
880 2398 1168 2493 praestantissimum

52 2498 157 2564 tamen
177 2499 316 2591 codicem
330 2507 457 2570 metum,
481 2516 571 2576 quem
588 2499 669 2559 domi
689 2520 784 2579 paene
801 2497 873 2569 s'uao
889 2497 1053 2572 haberet,⁴
1044 2520 1077 2569 m
1091 2499 1169 2559 urbe

53 2604 185 2685 quidem
208 2621 277 2676 sna,
299 2600 332 2659 in
354 2597 539 2663 bibliotheca
558 2599 637 2694 Aug
658 2601 754 2681 reip„
782 2600 822 2660 ad
843 2621 940 2680 quam
953 2590 1167 2671 bibliothecam

18 2744 21 2749 -
54 2707 115 2786 ipss
105 2705 235 2764 aditus
249 2716 384 2782 pateret,
403 2727 465 2765 non
480 2702 682 2781 consuluerit,
705 2690 760 2765 se'd
779 2705 869 2786 prins
883 2703 1096 2795 excudendum
1113 2703 1168 2763 de-

49 2798 138 2869 derit
153 2828 244 2866 sunm
257 2806 501 2883 Demosthenem,
526 2817 556 2866 et
577 2817 644 2875 tum
661 2807 790 2898 demmn,
807 2805 969 2879 absoluta
959 2806 1166 2883 nnpressione,
1262 2862 1269 2869 ,

53 2909 212 2969 curaverit
226 2910 313 2980 illum
329 2910 466 2969 codicem
481 2909 516 2966 ab
532 2909 589 2978 alio
607 2895 746 2977 conferri.
782 2909 860 2966 Nam
874 2908 959 2985 prius
970 2907 1055 2963 illam
1073 2905 1168 2962 oolla-

52 3013 173 3072 nonem
185 3033 248 3071 esse
262 3013 374 3079 saetam
386 3011 472 3072 nullo
486 3018 606 3070 constat
618 3008 748 3083 sndscso
772 3028 841 3068 cum
863 3009 935 3090 anni
955 2997 1045 3066 notae
1067 3007 1185 3093 desint,

54 3117 181 3195 utrique
197 3115 358 3196 epistolae,
381 3124 442 3173 tam
456 3113 583 3174 Simonis
600 3111 731 3173 Fabricii
746 3111 785 3172 ad
799 3087 957 3185 Wolfium,
976 3128 1065 3189 quam
1067 3088 1166 3175 Wol

52 3218 152 3278 lianae
173 3219 235 3291 illi,
258 3218 308 3276 cui
330 3218 387 3276 ista
406 3217 584 3276 Fabriciana
604 3216 716 3307 inserta
743 3204 796 3273 est.
842 3214 940 3273 Possit
969 3211 1045 3270 adeo
1069 3211 1164 3290 paulo
1271 3266 1273 3271 ,

46 3322 123 3400 -qnis
150 3318 339 3401 suspicacior
353 3317 459 3377 venire
482 3319 515 3378 in
542 3318 626 3377 illam
649 3317 867 3396 suspicionem,
897 3314 1037 3394 Wolfium
1059 3313 1165 3391 utique

51 3441 142 3482 usum
157 3421 249 3480 luisse
271 3419 376 3480 codice
394 3420 448 3490 illo
462 3419 640 3499 Admotae
660 3420 695 3497 in
715 3412 941 3484 conscribendis
956 3415 1018 3481 suis
1036 3423 1164 3472 annota-

52 3525 205 3600 tionibus,
228 3523 283 3603 qui
295 3514 391 3583 multa
402 3542 460 3602 pro
474 3524 535 3582 suis
545 3522 731 3603 conjecturis¹
747 3520 878 3602 prodat,
896 3539 972 3598 quae
994 3517 1026 3575 in
1040 3516 1094 3593 illo
1111 3536 1164 3573 co-
1194 3514 1205 3534 ⁸

51 3624 120 3686 dice
133 3627 293 3706 leguntur3
317 3623 498 3704 quamquam
514 3646 568 3705 ego
584 3624 720 3705 equidem
740 3627 843 3684 virum
865 3631 1014 3703 optimum
1035 3640 1069 3678 ea
1084 3618 1165 3693 itavi-

54 3725 104 3785 dia
123 3726 322 3806 injustissima
344 3747 467 3795 onmare
491 3729 658 3802 nolim,·ut
678 3727 841 3808 plagiarius
863 3723 1020 3783 habeatur.
1067 3723 1163 3797 Saepe

53 3828 128 3897 mihi
143 3841 293 3901 venerunt
306 3832 339 3891 in
349 3843 483 3901 mentem¹
496 3827 701 3910 conjecturae,
726 3849 801 3909 quas
822 3825 1016 3908 postmodum
1031 3822 1063 3889 in
1078 3818 1164 3878 codi-

55 3932 142 3991 cibus
158 3935 243 3993 mstis
260 3934 371 4013 reperi.
394 3935 455 4017 (Ut
474 3953 572 4013 nuper
592 3933 625 3992 in
636 3912 784 4005 Aristide,
807 3931 840 3989 in
861 3928 950 4009 quem
968 3945 1040 4005 quas
1058 3930 1163 3985 octen-

53 4034 103 4093 nio
133 4045 201 4094 ante
224 4037 454 4116 publicaveram
477 4037 665 4118 conjecturas
687 4054 787 4111 meas,
813 4053 921 4096 earum
935 4036 1053 4107 partem
1074 4025 1164 4111 longe

47 4139 217 4203 maximam
233 4161 250 4197 a
266 4141 422 4209 codicibus
437 4138 618 4216 Augustanis
637 4147 666 4199 et
685 4136 855 4210 Bavaricis,
877 4127 1124 4204 emendatissimis
1133 4132 1165 4183 et

56 4241 195 4319 (ιγιιιιιιι,
223 4244 430 4315 oonlinmatam
453 4220 731 4323 deprehendimus
757 4235 868 4320 gaudio
892 4241 922 4306 ot
941 4250 996 4316 spe
1023 4230 1105 4299 bona
1127 4226 1165 4293 de
1258 4268 1260 4272 »
