2776 4748
361 194 371 205 ’
441 236 506 298 ao
539 232 912 305 ornosrususn.
1157 256 1237 297 em

121 413 228 489 nutis,
253 404 311 474 sed
329 407 518 490 elegentibus
534 417 565 468 et
582 406 753 488 perspicuis
776 403 917 487 lectaque
940 405 1055 487 planis,
1075 407 1108 465 in
1130 404 1236 467 charta

123 516 326 601 bombycina,
352 535 468 588 nassa,
492 512 588 586 flava,
610 530 666 590 per
681 510 767 571 binas
786 511 949 571 columnas.
993 509 1131 569 Habebat
1157 528 1251 575 non-‚
1287 556 1290 562 .
1352 538 1360 555 e

122 621 212 681 astla
235 617 354 696 egregia
374 627 405 676 et
420 617 547 675 inventu
573 634 643 673 rara
666 615 825 674 vetustatis
849 613 978 686 indicia,
1021 621 1058 671 ut
1085 611 1237 671 clausulas
1276 685 1282 697 .

121 723 153 780 in
172 721 238 781 fine
261 720 449 792 orationum,
466 738 529 777 non
546 716 818 798 terneuomnium,
848 713 903 773 sed
921 732 1023 772 earum
1045 715 1237 775 solummodo

122 825 205 897 lere,
221 840 299 900 quae
314 822 442 900 primam
454 829 484 879 et
497 817 660 878 secundam
677 815 801 875 classant
815 835 851 875 ex
869 815 1078 876 distributione
1088 808 1246 879 Wolfiana

122 923 334 997 constituunt,
358 923 466 1002 quibus
484 924 517 979 in
537 918 678 978 clausulis
698 919 850 978 indicatur
868 937 1012 976 numerus
1030 923 1092 980 seio
1112 920 1236 998 στίχώνε

124 1034 248 1085 constat
264 1023 341 1085 haec
360 1023 412 1084 vel
427 1025 521 1095 istaec
530 1021 631 1080 oratio
644 1030 691 1081 tot
707 1022 814 1081 veltet
826 1022 949 1102 στίχοις.
994 1021 1092 1079 Habet
1105 1019 1137 1078 in
1151 1041 1236 1080 mar-

125 1126 246 1205 ginibus
261 1125 334 1184 item
348 1145 489 1183 numeros
507 1122 638 1203 capitum
659 1144 695 1183 ex
708 1133 829 1183 vetusta
842 1123 1067 1196 distributione,
1092 1109 1168 1200 qu'ae
1184 1143 1236 1182 ca-

124 1229 191 1308 pita
205 1227 328 1304 signata
340 1235 426 1285 erant
436 1225 530 1285 literis
549 1223 703 1303 alphabeti
718 1227 816 1303 graeci
828 1226 992 1306 inajoribus
1004 1230 1042 1288 A.
1066 1229 1101 1286 Β.
1126 1229 1160 1286 Γ.
1177 1233 1235 1284 etc.
1267 1277 1272 1287 .

125 1330 159 1390 ln
173 1329 265 1389 calce
285 1327 387 1406 operis
402 1327 492 1387 etism
511 1325 566 1385 has
580 1324 787 1387 distinctiones
806 1328 960 1388 veteribus
982 1327 1106 1386 usitatas
1119 1326 1150 1389 in
1170 1346 1236 1385 ma·
1341 1388 1344 1396 ,

125 1431 191 1514 jora
210 1439 363 1508 segmenta
382 1448 437 1488 seu
452 1427 551 1508 capita
567 1446 629 1487 una
649 1429 681 1487 in
706 1429 817 1489 tabella
838 1428 1070 1510 repraesentabo
1092 1429 1132 1490 ad
1149 1429 1237 1508 pagi-
1313 1504 1316 1511 Ι
1366 1412 1369 1419 ’

127 1535 218 1615 ginas
232 1543 357 1593 notrae
379 1529 533 1605 editionis,
554 1550 624 1590 cum
644 1531 780 1591 absoluta
790 1533 891 1592 fuerit.
935 1531 1033 1591 Habet
1054 1533 1127 1591 item
1146 1553 1239 1611 para·

127 1633 279 1716 graphas,
303 1633 357 1693 sad
380 1633 499 1693 diverso
519 1633 610 1691 modo
629 1632 756 1707 husae,
779 1642 869 1712 atque
891 1632 923 1690 in
936 1633 1109 1707 Augustauo
1127 1634 1235 1710 priano,
1265 1638 1269 1655 ¹
1330 1624 1333 1629 ’

128 1757 205 1817 qnae
224 1735 435 1816 paragraphus
460 1755 515 1819 ego
538 1726 571 1793 iu
584 1732 714 1792 editione
728 1754 795 1792 mea
810 1734 892 1811 signo
912 1732 935 1813 5
952 1732 1093 1791 iudicatu.
1138 1731 1238 1793 Habet

127 1839 253 1901 tandem
264 1835 419 1909 etecholia
432 1837 562 1918 duplicis
575 1835 702 1914 generis,
720 1835 778 1897 elia
793 1834 968 1910 vetustiora,
982 1835 1039 1894 aha
1056 1834 1235 1892 recentiora.

128 1938 305 2001 Veuntiora
315 1939 400 1999 initio
412 1959 560 2019 perquem
577 1938 698 2017 copiosa
711 1947 798 2013 sunt,
821 1939 875 1999 sed
899 1957 960 2016 quo
980 1936 1074 2014 magis
1095 1934 1238 2015 procedit
1336 1950 1340 1960 ·

130 2063 223 2124 opus,
237 2037 403 2119 hoc-magis
420 2042 607 2101 decrescunt.
652 2039 687 2098 In
707 2028 856 2098 extremas
877 2039 1028 2096 orationes
1043 2038 1081 2099 ad
1101 2038 1236 2116 privatas

129 2164 238 2205 causas
257 2145 441 2224 pertinentes
458 2162 553 2222 paene
569 2140 655 2201 nulla
668 2151 754 2219 suut,
774 2150 803 2199 et
818 2161 895 2218 quae
911 2150 982 2199 sunt
987 2184 996 2215 ,
1010 2161 1047 2198 ex
1060 2139 1236 2219 Harpocra-

129 2248 214 2307 tione
231 2237 306 2307 sunt
320 2245 471 2324 decerpta.
515 2243 551 2303 In
564 2240 760 2322 Olynthiacas
779 2254 894 2318 autem,
909 2242 1106 2323 Philippicas,
1130 2262 1237 2301 suaso-

92 2358 98 2365 '
120 2334 207 2425 'riam
220 2347 387 2409 decorans
406 2356 437 2407 et
451 2347 489 2406 de
502 2346 738 2423 false'legatione
762 2347 933 2426 copiosiora
946 2356 1025 2405 sunt.
1067 2333 1163 2405 Multa
1179 2344 1237 2427 ha-

129 2449 201 2511 bent
220 2451 355 2523 inedita,
375 2448 408 2506 in
428 2447 495 2528 ipsa
517 2448 647 2508 editione
668 2450 801 2508 Parisina
824 2446 1003 2522 deficientia,
1027 2467 1104 2526 quae
1120 2446 1237 2507 scholia

129 2551 222 2614 habet
238 2553 404 2619 editionum
419 2549 550 2611 omnium
568 2534 814 2630 locupletissirha.
861 2551 946 2623 Quae
960 2551 1122 2608 Bavaricus
1141 2547 1243 2610 habet.
1315 2596 1318 2601 -

130 2656 213 2715 edita
227 2653 359 2729 scholia,
383 2667 418 2711 ea
429 2653 525 2712 multo
537 2651 588 2711 hic
601 2653 744 2730 leguntur
759 2653 975 2727 emendatiora,
998 2672 1090 2730 quam
1101 2651 1193 2728 vulgo
1202 2651 1236 2711 in
1282 2647 1285 2651 ’

89 2754 92 2759 ’
128 2757 212 2817 libris
232 2755 394 2835 impressio.
439 2753 558 2813 Scholia
577 2755 745 2817 recentiora
768 2775 903 2815 amanu
923 2754 997 2827 alia,
1028 2752 1182 2831 pinguiori
1205 2761 1236 2812 et
1319 2780 1354 2793 =·

129 2860 229 2919 mium
250 2858 379 2936 eleganti
399 2854 552 2935 adscripta
570 2865 641 2915 sunt
666 2857 852 2916 orationibus
876 2854 1013 2926 duabus,
1035 2873 1093 2933 pro
1123 2873 1238 2914 corona

129 2967 162 3021 et
174 2959 212 3019 de
233 2958 312 3019 falsa
332 2959 490 3036 legatione.
533 2957 650 3017 Horum
667 2956 872 3021 reuentiorurn
887 2951 1074 3014 schohorum
1087 2954 1237 3033 pleraque
1294 3034 1299 3041 ¹

131 3060 205 3123 aaut
216 3060 334 3140 inepta,
347 3060 416 3119 luce
430 3059 554 3140 publiea
567 3059 699 3136 indigna,
714 3048 955 3138 aMoschopulo,
969 3066 1006 3116 ut
1018 3055 1237 3137 mihividetur‚
1276 3128 1280 3133 ,

130 3163 281 3243 nosceta.
325 3162 430 3221 Sedis
446 3160 505 3222 hae
518 3169 622 3241 parte,
635 3161 817 3239 quaeistas,
841 3180 915 3242 quaa
931 3161 1012 3236 dixi,
1033 3161 1108 3220 duas
1123 3160 1237 3223 oratio·
1329 3198 1333 3207 ·

129 3283 180 3325 m
191 3272 296 3338 terret,
318 3258 417 3323 codex
435 3260 664 3323 hio'Bavarieus
678 3283 737 3324 usu
751 3274 797 3325 est
812 3248 940 3324 maxime
956 3263 1100 3338 detritus,
1120 3284 1238 3344 prope·

129 3365 254 3429 modam
275 3363 426 3426 lacerans
450 3375 481 3424 et
500 3364 694 3441 obscuratus,
715 3377 752 3426 ut
770 3388 865 3446 paene
883 3364 1036 3424 dilabatur
1058 3386 1132 3444 prae
1146 3374 1236 3427 vetu-
1277 3429 1286 3447 ,

129 3475 204 3527 snae
226 3475 259 3528 et
286 3486 430 3527 manuum
448 3466 596 3527 sordibus.
640 3466 737 3528 Tanto
748 3468 891 3529 maradior
911 3477 957 3527 est
981 3488 1054 3547 pars
1074 3469 1236 3547 posterior,

129 3567 159 3626 in
174 3588 240 3648 qua
254 3577 327 3628 sunt
341 3587 448 3629 causae
463 3568 603 3648 publicae
617 3576 646 3632 et
657 3571 811 3651 privatae,
831 3581 867 3630 ut
880 3560 951 3650 pers
972 3568 1047 3630 haec
1070 3590 1166 3651 paene
1187 3569 1237 3628 in·

128 3679 253 3731 tactae
275 3671 411 3731 matribus
438 3675 631 3733 tractantium
648 3674 796 3734 videatur.
840 3674 901 3734 Sed
924 3674 1029 3753 ingens
1055 3677 1152 3733 estin
1176 3670 1236 3729 hae

97 3784 98 3789 ’
128 3783 217 3853 parte
239 3772 350 3835 houna
370 3760 548 3852 perplures
569 3775 693 3854 paginas
714 3773 891 3856 procedens.
937 3775 1076 3835 lacuerat
1092 3773 1188 3833 codex
1204 3772 1237 3833 in
1302 3789 1305 3795 ·

76 3946 78 3955 Ι
128 3874 198 3937 loeo
224 3872 370 3953 humid03
396 3894 457 3953 quo
479 3877 675 3953 factumest,
695 3886 732 3937 ut
744 3899 815 3959 pars
830 3879 977 3959 quaedam
991 3876 1236 3956 composuisset

128 3976 312 4040 Haee'sarta
332 3976 530 4061 postmodum·
540 3988 584 4040 est
598 4001 616 4038 a
631 4000 723 4039 manu
740 3981 924 4059 recentiore,
945 4002 1008 4040 non
1032 3979 1150 4038 inficeta
1168 3974 1238 4054 qui-0

129 4079 281 4155 dearilla,
302 4079 401 4139 minue
412 4088 525 4155 tamen,
548 4089 769 4159 etquevetusta
785 4093 844 4159 est,
867 4083 1008 4161 eleganti,
1029 4079 1235 4155 nesciounde,

126 4184 201 4244 Post
214 4180 445 4244 Demosthenem
465 4168 634 4262 sequuntur
646 4184 802 4244 Plutarchi
822 4186 902 4246 vitae
921 4182 1084 4264 parallelae
1107 4183 1240 4259 aliquot,

127 4285 419 4377 condemnatique
425 4280 536 4379 mauu,
554 4285 608 4351 itta
618 4285 697 4356 seila
703 4295 877 4375 apponte,
899 4285 953 4349 sed
966 4283 1130 4353 ansuino
1143 4283 1236 4365 pallia
1340 4350 1345 4359 ,
