2776 4748
138 244 239 287 urin
469 282 472 287 ,
552 217 819 287 PRAEFATIO
877 240 917 277 ¹.

137 392 209 474 poci
225 388 328 451 codice
340 390 393 469 (de
409 408 469 470 quo
479 387 576 470 post),
589 390 822 463 autFelicianeo',
840 395 893 447 eut
908 382 1111 466 ellsnutiana,
1129 399 1183 457 sut
1196 407 1236 453 ex

139 494 197 553 slio
213 494 355 573 quopiam
369 503 492 553 auctore
508 494 709 570 conquisitae3
730 493 899 551 rarissimae
916 502 996 569 sunt,
1013 514 1086 572 quas
1098 493 1239 572 suspice-

132 597 179 657 ·ris
195 615 211 655 e
223 595 379 655 codicibus
394 596 484 673 regiis
497 594 638 659 Parisinis
655 616 719 653 esse
732 594 864 655 haustas.
900 593 1007 665 Nescio
1020 616 1058 653 au
1072 594 1235 658 Lambinus

84 746 88 755 ,
136 718 188 756 eos
203 716 356 776 nunquam
369 699 549 775 inspexerit,
565 696 628 755 sivo
641 695 724 774 qnod
737 696 872 755 laborem
887 696 1056 773 defugeret,
1072 696 1134 755 ¹sive
1153 695 1236 774 quod

136 817 240 858 corum
254 799 343 877 copis
355 799 415 876 ipsi
430 807 604 875 negaretur,
621 797 705 875 quod
720 798 862 857 credibile
873 818 934 856 non
948 806 1000 857 est.
1038 799 1110 857 Pars
1124 799 1236 857 Morel-

135 899 217 959 liam
225 900 535 975 emendatissisnaest5
548 899 602 958 rix
615 918 709 959 unum
721 909 773 957 aut
785 901 912 965 alterum
921 899 1058 978 spholma
1070 910 1190 978 typogr.
1204 901 1237 958 in

134 1021 171 1061 ea
188 994 309 1060 menrini
321 988 555 1077 deprehendere.
591 1003 665 1061 Pars
689 1011 791 1059 contra
807 1001 1003 1061 Lambiniaua
1023 1001 1138 1063 mendis
1168 1021 1238 1059 sca-

125 1111 178 1167 .tet
196 1112 226 1161 et
245 1122 370 1161 nurnero
391 1102 530 1180 plurimis
552 1113 582 1161 et
596 1103 782 1164 foedissimis.
831 1104 868 1163 ln
881 1104 1006 1169 Morello
1031 1103 1237 1181 intemperan-

132 1206 208 1265 tiam
216 1202 386 1281 diligentiae
399 1202 523 1282 notes*),
539 1205 571 1263 in
579 1204 722 1265 lambino
730 1204 936 1265 incredibilem
944 1205 1112 1269 secordiam
1125 1215 1156 1263 et
1170 1224 1237 1267 mo-

131 1307 223 1386 piam.
258 1304 403 1363 Morellus
425 1305 566 1365 codicum
585 1327 710 1367 suorum
729 1309 780 1367 rel
799 1307 974 1385 quisquiliae
994 1309 1078 1386 ipsas
1100 1328 1236 1366 corrasus
1287 1364 1289 1368 .

130 1409 218 1475 nobis
239 1405 378 1484 ingessit,
405 1408 566 1471 ramanus
586 1429 626 1471 ne
648 1429 777 1486 gemmas
807 1408 931 1486 quidem
951 1408 1022 1468 inde
1045 1411 1236 1488 conquisivit,

131 1509 347 1569 dissimillimus
373 1507 524 1571 decessori
546 1529 711 1571 successor.
754 1510 862 1569 Saltim
883 1510 1133 1587 demonstrasset,
1153 1511 1236 1570 unde

129 1611 291 1677 lectionem
299 1628 449 1688 quemque
461 1611 624 1670 sumsisset.
645 1612 711 1669 lam
720 1631 796 1671 vero
810 1612 937 1686 nescias,
951 1613 1026 1690 quid
1034 1613 1130 1672 codici
1145 1623 1241 1686 msto,

133 1713 208 1791 quid
218 1714 383 1791 impresso,
397 1720 427 1769 et
438 1711 505 1783 sui,
521 1712 597 1790 quid
615 1712 711 1793 ipsius
723 1713 861 1772 Lambini
880 1713 1024 1773 debeatur
1034 1715 1152 1791 ingenio
1159 1761 1169 1790 ,
1183 1725 1236 1775 aut

130 1814 250 1877 tt'olliiz
274 1833 343 1871 nam
364 1821 395 1871 et
407 1810 472 1889 ejus
494 1813 693 1891 conjecturas,
704 1822 826 1879 auctore
841 1815 949 1888 tacito,
965 1813 1038 1871 alias
1051 1814 1085 1871 iu
1100 1800 1248 1891 margine¹

131 1915 323 1985 Lutetianae,
336 1913 409 1973 alias
427 1916 461 1971 in
475 1914 575 1974 iudice
596 1916 709 1975 retulit.
754 1914 849 1977 ludex
868 1914 920 1973 hic
939 1935 1001 1973 non
1014 1934 1111 1973 meras
1129 1915 1233 1994 conje-

132 2026 233 2076 cturas
245 2014 379 2075 Lambini
392 2015 528 2093 praebet,
543 2017 627 2096 quod
639 2018 750 2096 Taylor
764 2016 904 2095 opinatus
917 2026 977 2091 est,
993 2016 1096 2094 (raras
1112 2018 1235 2095 quidem

131 2120 198 2183 illes
214 2126 295 2177 tenet
304 2114 333 2191 ,)
348 2116 403 2177 sed
413 2118 576 2198 plerasque
589 2119 734 2187 lectiones
748 2118 875 2187 Aldinae
893 2128 946 2177 aut
959 2118 1084 2177 aliarum
1096 2130 1239 2197 vetusta-s

130 2238 199 2279 ruso
211 2217 395 2291 editionum,
418 2229 448 2279 et
466 2230 514 2279 est
530 2222 776 2300 supplementum
795 2220 937 2305 marginis
949 2221 1109 2279 lutetiam.
1154 2223 1235 2281 Con-

127 2322 263 2401 jecturse
274 2319 410 2379 Lambini
422 2340 510 2381 rarae
522 2322 568 2389 ilii
581 2334 661 2397 suut,
675 2324 760 2403 quod
774 2320 853 2396 diri,
869 2331 899 2380 et
913 2333 1083 2400 quaesunt,
1098 2323 1234 2402 plerum-

130 2442 190 2501 que
209 2423 242 2481 iu
261 2422 504 2501 interpunctione
529 2434 613 2483 recte
635 2422 844 2485 constituenda
871 2431 902 2482 et
923 2424 1105 2503 corrigendis
1130 2423 1235 2503 sphal-

130 2525 261 2587 statibus
278 2524 428 2584 laborant.
471 2525 570 2583 Ratae
591 2536 661 2586 suut
680 2526 864 2603 ingeniosae,
887 2526 1009 2599 doctae,
1034 2535 1148 2598 certae,
1171 2527 1234 2585 De-

131 2624 285 2685 mosthene
299 2636 329 2685 et
342 2624 549 2686 Demosthenis
564 2627 679 2688 editore
691 2628 816 2705 dignae,
837 2628 949 2687 multae
958 2612 961 2617 ¹
969 2636 1074 2687 contre
1085 2628 1232 2704 triuiales,

129 2728 244 2787 tristitae
266 2728 369 2787 inanes
391 2739 421 2791 et
444 2728 622 2809 ineptae.**)
665 2728 863 2807 conjecturae
884 2739 938 2787 aut
963 2712 1183 2795 emendationes
1208 2733 1234 2800 si

132 2850 209 2909 quas
231 2838 300 2889 sustt
322 2830 354 2887 in
372 2831 472 2891 indice
487 2830 623 2891 Lambini
641 2828 797 2909 proditae,
819 2827 945 2889 dubium
960 2838 1020 2904 est,
1035 2831 1233 2890 sinmsLam-

130 2932 194 2993 bini
210 2952 249 2991 au
261 2933 363 3011 potius
375 2935 507 3009 llorelli,
545 2931 671 2991 Veniam
690 2941 792 2993 tamen
810 2949 866 3009 ego
881 2932 1022 3011 equidem
1044 2933 1131 3000 facile
1143 2933 1232 2996 Lam-
1257 2938 1265 2953 ¹

131 3034 201 3091 bino
225 3032 302 3091 dent
346 3035 453 3093 Subito
472 3034 620 3093 inciderat
641 3033 674 3091 in
692 3033 848 3109 negotium
862 3053 923 3091 non
936 3035 1107 3111 provisum,
1129 3055 1233 3101 access

129 3146 207 3195 serat
226 3134 409 3215 insperatus,
431 3134 590 3215 deprecari
607 3153 669 3193 nou
681 3142 831 3213 potuerat,
864 3134 985 3194 Parisiis
999 3143 1064 3197 tum
1074 3154 1135 3197 non
1154 3145 1229 3209 eret,

129 3236 182 3313 qui
201 3234 306 3295 sssolius
327 3234 395 3313 ipso
417 3254 481 3295 reus
504 3237 652 3313 gessisset.
693 3234 777 3293 lutra
793 3255 919 3310 manin,
942 3244 1088 3314 quantum
1111 3235 1230 3314 exejus
1268 3282 1274 3295 .»

127 3334 314 3415 psuelmions
336 3334 461 3417 colligo,
479 3336 560 3405 lause
583 3358 706 3421 operam
727 3333 901 3406 umnam.
936 3337 1021 3419 Quae
1039 3335 1138 3405 omnia
1155 3338 1230 3404 satis

126 3526 343 3545 uhu-nnuc·-

161 3652 189 3719 *l
207 3652 313 3723 T⁸tl⁰f
329 3654 386 3721 (aa
402 3674 432 3727 p.
450 3652 513 3729 egri
527 3658 591 3729 go.)
608 3658 762 3713 εᾶίῑίουεω
778 3655 935 3713 Pselsiusm
955 3675 1021 3726 pree
1039 3658 1149 3709 eonem
1173 3659 1227 3709 mt-

70 3788 82 3795 -
138 3754 144 3763 '
194 3741 331 3791 ”vtlttt't‘m
352 3744 495 3815 Prodigus·
518 3745 985 3815 appeltsttT011.p.164.s.)
1016 3743 1112 3797 Editio
1138 3744 1229 3795 Beue-

144 3890 147 3895 ,
195 3824 257 3879 ¹¹¹st
278 3823 364 3895 101180
386 3826 507 3899 opttus,
530 3831 609 3907 quod
632 3830 668 3887 ed
685 3838 850 3887 contextum
865 3829 976 3890 attinet·
1017 3827 1168 3891 Markland
1193 3828 1231 3885 ad

33 3936 41 3947 ·
124 3958 127 3963 .
184 3908 226 3999 p,
243 3928 307 3983 ³⁰4»
326 3926 368 3991 22.

163 4074 206 4144 ss)
229 4080 263 4129 tn
288 4081 417 4152 mmgim
433 4081 576 4138 Peristnse
599 4087 624 4139 st
641 4102 697 4158 qua
713 4087 801 4141 leotto
817 4089 906 4143 tacito
928 4095 1043 4141 auctore
1060 4087 1229 4158 proponitur

195 4176 266 4213 cnm
282 4167 447 4236 Augustsno
471 4168 566 4237 primo
583 4174 778 4241 consentiens,
802 4175 914 4229 videtin
929 4189 962 4225 ea
978 4189 1012 4226 ex
1028 4174 1153 4227 Parisino
1169 4173 1228 4243 pri·

127 4282 134 4291 ·
153 4298 163 4307 .
199 4262 249 4309 itte
265 4262 326 4305 em
340 4265 473 4326 amsa,
491 4254 547 4319 nisi
562 4256 676 4339 munde
692 4258 728 4313 de
743 4259 912 4321 auctoritate
928 4261 987 4327 ejus
1004 4266 1122 4323 constet.
