2776 4748
360 190 385 201 ”
424 174 507 313 fls'u
541 209 904 275 sanosrnensn.
1129 233 1131 239 π
1181 235 1239 282 m
1288 248 1300 267 .

124 384 264 451 Fabricii
279 402 338 467 pre
355 383 458 448 lubitu
479 386 622 459 munus,
643 383 782 466 ingessit,
796 384 966 458 armavit,
980 392 1016 444 ut
1028 402 1125 464 paens
1139 385 1237 449 fufio-

125 512 214 566 sum,
238 489 526 557 inuonsultiseimum
540 497 639 560 certe,
659 507 692 546 se
704 486 843 562 gesserit,
853 485 1003 566 fidemque
1016 508 1101 549 suam
1119 511 1237 553 omnem

127 592 286 655 everterit.
308 590 519 677 ¹Apostrophos
536 599 616 651 amat
631 590 683 648 ille
700 583 806 662 codex,
820 597 857 649 ut
869 591 958 651 ταῦτ’
974 610 1031 669 pro
1048 598 1152 671 ταῦτα,
1173 588 1235 661 ἐστ’

123 717 188 777 pro
206 695 273 762 leel
294 704 362 754 etc..
395 696 488 771 Leges
504 702 534 752 et
547 691 731 765 testimonia,
754 685 904 773 formulae
923 690 1052 771 denique
1073 698 1238 777 pleraeque

126 799 353 877 tendamur.
371 797 440 870 Quo
446 797 538 871 litut
551 812 700 873 nequeam
706 793 836 870 Tayloro
852 794 992 855 assentiri
1002 791 1238 875 affirmantiffla.

125 903 308 965 mocianum
328 909 357 961 et
372 899 539 961 Parisinmn
558 898 704 976 primum,
727 897 760 956 in
779 897 917 975 plurimis
939 896 1015 974 Aug.
1039 920 1087 978 pl..
1110 924 1238 984 Qen-
1268 878 1271 895 .
1316 876 1327 886 ,

112 1005 258 1080 ἤθικα,
277 1002 433 1080 exeedem
446 1000 666 1085 iontehsustos
680 992 755 1058 esse.
787 999 862 1058 Nam
877 1019 953 1077 quae
966 1001 1115 1064 formulae
1130 995 1239 1068 desunt

125 1107 327 1183 Angustam,
348 1124 401 1166 ese
419 1111 490 1163 sunt
509 1091 633 1163 inillis.
651 1166 653 1171 ,
674 1101 852 1161 Lectionum
871 1099 963 1180 hujus
980 1102 1093 1166 codicis
1107 1108 1160 1167 rix
1175 1120 1239 1168 ter.

104 1186 106 1197 Ι
126 1209 205 1271 tiam
219 1216 341 1287 partem
359 1205 444 1266 dedit
456 1205 555 1293 Wolf,
575 1224 629 1264 seu
654 1203 737 1281 quod
754 1203 857 1263 Simon
871 1204 1026 1265 Fabricius
1039 1230 1088 1288 eas
1102 1223 1243 1290 praeter-s

126 1307 225 1382 vidit,
252 1327 305 1375 seu
330 1296 514 1385 duod-Wolf
538 1329 557 1365 a
576 1305 717 1366 Fabricio
741 1315 874 1366 enotatas
903 1311 1064 1389 expunxit,
1094 1312 1176 1371 leves
1210 1325 1241 1375 et

128 1409 264 1472 edilium
282 1409 421 1488 indignas
446 1409 594 1488 judicans.
638 1405 733 1490 Saepe
762 1429 884 1487 quoque
903 1411 993 1470 falsas
1019 1389 1265 1493 ei'imputavits,

129 1512 272 1593 queisquis
285 1512 610 1588 fuitneuJFabricias,
632 1532 687 1570 seu
697 1511 797 1585 Wolf,
820 1532 874 1571 seu
889 1535 997 1593 operae
1010 1494 1239 1596 Episcopianae'

131 1615 231 1693 saepe
252 1633 343 1675 suum
366 1614 405 1675 de
433 1614 492 1673 illis
510 1614 660 1692 judicium
679 1614 875 1691 interposuit,
907 1636 969 1672 non
992 1616 1241 1715 Fabricius,'sed
1353 1652 1357 1661 =

132 1715 226 1777 wolf.
271 1717 366 1795 Saepe
386 1735 506 1794 quoqne
531 1735 600 1776 suas
625 1715 813 1794 conjecturas
831 1716 1001 1776 immiscuit.
1048 1719 1243 1797 conjecturas

132 1819 276 1879 lectionis
296 1817 438 1877 varietati
457 1817 651 1905 Fabricisnse
671 1817 817 1876 immistas
847 1827 899 1877 aut
921 1839 1023 1878 omnes
1052 1830 1104 1879 aut
1125 1825 1243 1901 pleras-

112 1912 116 1931 ⁹
135 1940 195 1999 que
210 1942 229 1980 ι
244 1920 353 1980 Wolfio
369 1921 522 1999 profectas
537 1941 610 1995 esse,
625 1919 804 1979 documento
818 1927 863 1997 est
877 1921 964 1982 loeus
978 1922 1011 1980 in
1022 1931 1098 1980 orat.
1115 1922 1148 1981 in
1164 1926 1244 1985 Leo-
1323 1957 1325 1962 ¹

135 2021 260 2083 charam
275 2044 306 2102 p.
322 2028 395 2089 613.
411 2026 454 2096 5,
468 2022 522 2082 ubi
536 2023 568 2081 in
583 2022 713 2082 lectione
724 2019 897 2080 Publiciana
911 2023 984 2080 etin
998 2036 1142 2086 annotatt.
1156 2030 1245 2090 Wol-

135 2125 224 2186 fianis
237 2125 343 2186 eadem
356 2125 512 2205 profertur
525 2121 707 2203 conjectura.
731 2123 886 2182 Lectiones
901 2125 969 2184 illas
990 2104 1131 2188 aWoltio
1146 2116 1245 2192 editas

139 2249 210 2288 cnm
226 2237 404 2301 tractarem,
426 2247 515 2306 saepe
533 2225 638 2302 fiebat,
658 2236 695 2285 ut
714 2226 800 2286 sedes
823 2244 940 2300 earum,
963 2231 1245 2307 tametsitotisho-

136 2332 182 2390 ris
197 2352 363 2411 quaerens,
377 2330 510 2408 reperire
525 2350 586 2388 non
598 2348 726 2409 possem.
768 2327 874 2405 Coepit
885 2328 988 2407 itaque
1001 2316 1048 2391 me
1061 2333 1245 2399 desiderium

136 2433 307 2512 usurpandi
326 2430 416 2510 hujus
437 2432 566 2506 codicis,
587 2441 624 2491 ut
643 2432 742 2490 saltim
764 2428 887 2504 scirem,
913 2451 973 2509 quo
995 2434 1086 2494 lectio
1107 2459 1245 2521 quaeque
1273 2440 1276 2445 ’
1305 2472 1308 2477 -

138 2534 299 2596 referenda
314 2544 399 2593 esset.
443 2534 503 2592 Sed
522 2533 622 2592 multo.
634 2532 806 2593 uberiorem
822 2531 881 2612 tuli
894 2532 1028 2621 finctum
1043 2535 1135 2618 hujus
1158 2542 1246 2599 codi.

141 2639 203 2713 ais,
224 2647 262 2695 ut
277 2657 311 2696 eo
338 2655 405 2696 sum
425 2636 556 2714 potitus·
594 2634 701 2694 Statim
728 2634 808 2692 enim
829 2632 904 2692 mibi
928 2637 1079 2713 constitit,
1104 2641 1245 2703 Wolfium
1269 2702 1271 2707 ,

142 2760 198 2800 seu
216 2739 346 2799 nescisse
366 2759 401 2797 eo
425 2747 508 2796 recte
529 2738 592 2812 uti,
616 2757 670 2803 seu
689 2737 733 2799 nil
754 2757 892 2811 curasse,
922 2748 953 2797 et
977 2740 1050 2799 alias
1071 2745 1246 2820 secundine,

144 2841 380 2902 sliasmslafide
402 2841 505 2917 egisse.
539 2840 729 2917 Quamquam
741 2849 858 2915 egomet
869 2839 933 2916 ipse
957 2860 1081 2914 vereor,
1101 2821 1250 2902 nemulta

144 2966 240 3005 meam
262 2945 456 3003 attentionem
483 2940 645 2999 fefellerint
673 2944 705 2998 in
724 2941 785 2998 ista
806 2940 1004 3000 festinatione.
1049 2942 1247 3006 collationem

144 3047 224 3106 enim
250 3044 342 3126 hujus
361 3044 473 3103 codicis
493 3043 615 3101 ineunte
635 3042 715 3122 Majo
734 3042 803 3099 anni
827 3045 920 3107 1767.
933 3053 1079 3122 1hcoeptam
1104 3057 1248 3124 vergente

142 3146 280 3233 Augusto
302 3147 436 3227 ejusdem
456 3145 525 3229 arani
549 3145 675 3204 absolvi.
708 3143 890 3223 Nequefieri
904 3154 1005 3224 potest
1024 3147 1127 3207 aliter:
1157 3168 1251 3228 nega·
1347 3178 1350 3195 ·

140 3260 272 3313 tnrnest
285 3248 415 3321 homini,
437 3257 473 3306 ut
495 3249 593 3305 omnia
615 3256 734 3320 cernat,
755 3256 790 3305 ut
802 3247 877 3333 nibil
891 3267 960 3307 eum
978 3248 1090 3324 fugiat,
1111 3271 1252 3329 praeser—
1351 3234 1355 3247 ¹

142 3356 202 3416 tim
216 3353 276 3414 alio
289 3351 495 3431 praelegente,
509 3349 562 3407 ubi
575 3349 687 3407 multae
700 3348 767 3407 soni
779 3348 990 3437 similitudines
999 3351 1031 3407 in
1047 3350 1250 3431 diphthongis,

144 3459 179 3516 in
197 3454 296 3515 literis
312 3451 446 3533 ejusdem
468 3451 644 3526 soni‚.uto
666 3461 697 3510 et
717 3474 759 3527 os,
783 3453 803 3514 d
824 3460 855 3510 et
875 3475 907 3526 s,
931 3464 1016 3511 aures
1029 3452 1157 3530 fallunt3
1180 3453 1252 3513 item

145 3557 174 3615 si
189 3554 453 3634 audiastegentem
474 3546 712 3632 dvulsendpsvov
734 3571 759 3613 e.
776 3575 802 3613 c
814 3572 898 3629 ,non
916 3555 1013 3631 possis
1029 3575 1102 3615 aure
1116 3557 1253 3616 intermo-

113 3706 121 3732 ,
146 3677 243 3731 scere,
259 3657 356 3717 sintne
370 3655 431 3714 duo
445 3655 504 3714 ista
516 3655 678 3731 vocabula,
694 3651 733 3718 de
748 3650 959 3735 discubuerat,
980 3678 1017 3714 an
1029 3677 1123 3716 unum
1138 3658 1254 3715 solum-

145 3760 251 3822 modo.
273 3759 358 3816 Bona
372 3767 471 3819 tamen
484 3757 544 3817 lide
557 3778 728 3819 asseverare
738 3779 870 3838 possum,
883 3779 932 3818 me
944 3760 1041 3819 mtdto
1058 3768 1088 3818 et
1104 3756 1256 3835 eopiosio—
1273 3747 1275 3754 ’

147 3884 215 3925 rem
235 3871 265 3923 et
278 3854 443 3922 fideliorem
464 3861 536 3920 (lare
558 3861 671 3922 codicis
692 3861 859 3940 Augustani
879 3862 1086 3935 collationem,
1110 3857 1256 3935 quemad

109 3998 115 4005 .
147 3965 212 4027 hoc
230 3964 289 4024 diei
302 3963 575 4024 habuimusWollii
591 3963 749 4026 beneficio.
790 3962 986 4022 iamdudum
1007 3970 1074 4021 ante
1095 3957 1168 4018 mihi
1183 3981 1256 4020 con-

150 4052 273 4128 stiterat
298 4065 528 4128 eGonstantino
551 4086 635 4142 meo,
664 4087 755 4152 quam
783 4065 925 4146 expediat
954 4062 1116 4123 adiversis
1139 4062 1257 4120 easdem
1373 4135 1377 4141 Ι

151 4171 351 4231 membranas
362 4171 472 4229 iterum
490 4169 661 4246 iterumque
689 4169 798 4227 excuti.
843 4169 920 4226 Eum
951 4173 1020 4225 ante
1036 4185 1083 4235 me
1117 4171 1257 4242 coeperat

151 4271 282 4342 ederet
296 4272 333 4335 Η.
347 4270 486 4334 beicbius
505 4269 542 4334 ll.
562 4269 594 4330 C.
612 4277 651 4374 st
664 4268 727 4333 vita
743 4267 931 4337 diuturniore
943 4267 1059 4350 dignus.
1104 4265 1163 4333 Sed
1175 4262 1258 4325 haud
1370 4282 1375 4289 ’
