2776 4748
449 235 512 294 ιι)
554 212 919 301 nenosrnnnnn.
1125 260 1238 309 exem
1277 301 1287 310 .

123 429 158 474 ra
173 407 272 467 :nulla
293 407 350 485 sit,
371 425 427 465 cur
443 405 480 468 de
492 406 668 471 Aldinnrum
682 431 772 492 super
789 410 1018 479 Demosthenico'
1035 417 1235 498 quoqueloco
1336 492 1340 499 1

84 512 289 580 dubitetur
302 510 513 605 testimonio.

599 644 657 803 t?
692 725 744 790 ne.
804 722 807 730 ¹

498 856 544 916 De
565 854 690 918 editione
710 853 864 920 Felicioni

216 1021 292 1081 Sub
301 1019 419 1101 exitum
426 1026 495 1084 anni
512 1027 673 1104 superioris
690 1030 781 1093 1769
794 1025 873 1085 hanc
891 1027 1053 1110 editionem
1067 1030 1106 1092 sd
1118 1053 1164 1093 me
1178 1037 1236 1092 mi
1319 1095 1321 1098 ,

84 1116 87 1179 l
130 1123 165 1182 sit
184 1124 370 1204 Strasburgo
385 1128 439 1189 vn·
454 1128 582 1188 illustris
602 1129 792 1202 Brunckius,
821 1105 1012 1188 consiliarius
1037 1134 1125 1208 Regis
1149 1133 1236 1191 Clui-

130 1228 308 1286 inanissimi
337 1229 518 1308 (Conseiller
552 1230 589 1288 de
621 1231 716 1303 Cour,
749 1232 903 1314 Receveur
936 1233 987 1290 des
1016 1234 1174 1293 Domaines
1207 1245 1237 1294 et

132 1328 342 1389 Commissaire
366 1330 402 1389 de
414 1330 565 1408 ¹Guerre),
579 1331 665 1410 cujus
679 1307 870 1389 voluntatem
883 1332 957 1392 mihi
973 1335 1133 1394 Stoeberus
1154 1336 1188 1392 V.
1203 1335 1235 1394 C.

131 1431 315 1491 conciliavit.
357 1431 467 1491 R‘aram
489 1453 584 1510 eoque
605 1437 711 1491 summi
735 1433 898 1493 faciendam
913 1437 945 1494 in
960 1437 1026 1495 viro
1048 1435 1131 1493 illius
1154 1436 1237 1494 ordi-

131 1526 175 1591 nis
190 1531 336 1613 peritiam
353 1552 529 1611 graecmum
550 1536 719 1594 litterarum
739 1536 932 1614 studiumque
948 1556 1051 1597 esrum
1062 1536 1236 1596 incredibile
1261 1527 1264 1534 '

84 1644 86 1650 '
133 1634 194 1693 non
210 1654 337 1712 possum
352 1633 413 1692 hoc
434 1636 503 1693 loco
528 1637 590 1696 sine
609 1637 831 1715 praedicatione
859 1638 987 1723 quadarn
1006 1659 1087 1710 mea,
1113 1639 1236 1714 quasillo
1299 1695 1308 1708 ,

135 1755 198 1794 non
214 1736 348 1813 indiget,
371 1738 582 1807 transmittere.
613 1739 775 1815 lllagnum
788 1759 805 1794 a
824 1737 977 1795 Brunckio
997 1758 1064 1796 meo
1082 1738 1172 1797 decus
1187 1759 1238 1798 ae-

135 1847 261 1916 ceptura
280 1840 319 1895 sit
333 1838 512 1916 Anthologia
529 1858 652 1916 graeca,
670 1839 756 1919 cujus
770 1839 820 1897 ille
837 1838 964 1897 studio
955 1841 1092 1917 inprimis
1107 1850 1237 1912 tenetur,
1294 1827 1297 1839 ’

131 1940 235 2017 siper
259 1938 330 1997 alias
330 1942 496 2016 puriores
519 1943 729 2022 occupationes
749 1941 794 1998 illi
812 1939 918 1998 liceret
932 1941 1063 1998 ultimum
1081 1941 1239 2018 expolien-
1265 2000 1269 2006 ,
1372 1968 1375 1972 Δ

138 2041 191 2100 dae
214 2040 290 2100 huic
310 2060 484 2117 graecorum
506 2045 751 2122 epigrammatmn
779 2041 949 2100 collectioni
971 2041 1110 2120 adjicere.
1154 2042 1239 2100 Non-

136 2137 208 2203 ilum
230 2143 354 2222 quidem
374 2145 449 2203 mihi
470 2145 556 2204 licerit
575 2165 613 2202 ne
636 2142 727 2223 hujus
744 2142 864 2220 quidem
884 2143 1157 2221 praestantissimae
1172 2143 1238 2202 edi-

113 2283 115 2289 1
137 2245 226 2304 tionis
253 2244 396 2304 lectiones
419 2250 539 2324 penitus
563 2263 742 2322 cognoscere
762 2264 860 2322 neque
881 2245 912 2303 in
934 2246 1051 2322 sylvam
1068 2267 1165 2304 meam
1187 2267 1238 2304 re-

138 2347 224 2407 ferre.
272 2347 331 2407 Sed
344 2357 501 2426 antequam
514 2347 567 2405 illa
581 2344 870 2436 sylvsutypogrnpbo
893 2343 1068 2406 ericudenda
1082 2349 1114 2406 in
1132 2368 1238 2407 marrus
1328 2407 1332 2414 ,

138 2450 294 2524 undatur,
315 2449 445 2523 curabo,
461 2457 497 2507 ut
518 2447 608 2526 hujus
630 2467 752 2526 quoque
772 2447 916 2506 lectiones
930 2447 1057 2512 fideliter
1080 2460 1238 2529 excerptae

137 2552 206 2611 illuc
229 2553 409 2611 reserantur}
454 2550 597 2609 Universe
614 2548 721 2608 videor
744 2548 818 2609 mihi
833 2551 1022 2624 observasse,
1040 2571 1147 2610 verum
1164 2573 1238 2624 esse,

136 2654 221 2732 ‚quod
239 2651 400 2736 affirmavit
413 2644 576 2731 Tsylorus,
602 2673 678 2730 quse
694 2653 789 2712 bonae
806 2654 863 2712 sint
878 2655 909 2712 in
931 2653 1060 2711 editione
1075 2655 1160 2724 Pauli
1172 2629 1238 2711 lin·
1279 2640 1282 2644 ¹

140 2742 213 2815 nutii
237 2755 398 2830 lectiones,
421 2775 468 2814 ιιι
482 2775 583 2815 omnes
598 2774 613 2812 e
630 2755 798 2814 Feliciones
816 2766 922 2814 mutuo
943 2756 1055 2814 sunites
1070 2743 1153 2815 esses
1185 2757 1251 2813 Est·
1298 2830 1302 2838 Ι

121 2905 126 2909 .
140 2867 297 2938 praeterea
308 2855 556 2916 heecFelioianea
568 2865 597 2914 ιι
607 2854 741 2913 chartis'
733 2876 838 2915 incuss
852 2855 1114 2934 splendidioribus,
1123 2856 1240 2932 ettspis

141 2956 350 3037 grandioribus
367 2966 455 3036 atque
467 2955 674 3030 nitidioribus,
705 2954 737 3014 id
759 2958 842 3035 quod
859 2958 908 3017 vel
921 2957 990 3015 inde
1007 2965 1123 3016 constet
1133 2954 1242 3033 ,quod

140 3060 325 3133 Felicianeae
347 3059 487 3119 volumen
511 3058 642 3138 priunum
676 3061 759 3129 tenet
782 3059 855 3119 solie
878 3063 957 3133 181,
981 3041 1145 3140 seeundum
1167 3061 1250 3128 364,

142 3165 264 3224 tertium
278 3166 351 3229 369
394 3162 534 3221 Paulinae
555 3167 667 3219 autem
674 3159 824 3222 volumen
832 3161 964 3240 primum
984 3170 1065 3221 tenet
1079 3136 1242 3219 solummot·

143 3264 549 3338 dofelia122‚secundum
573 3265 652 3332 248,
674 3261 797 3319 tertium
811 3267 882 3337 243.
927 3263 1171 3335 Quibuselibris
1185 3261 1260 3319 few

143 3366 268 3429 licianus
283 3363 511 3424 Demosthenem
524 3362 665 3421 Aldinum
679 3362 889 3438 emendaverit3
907 3375 1008 3443 etque
1023 3365 1154 3436 delectu,
1169 3362 1254 3439 quid.

145 3488 267 3548 quoque
287 3468 355 3526 loco
370 3467 465 3525 autin
482 3465 567 3524 libris
588 3485 648 3523 ιιι
662 3474 834 3544 repertum,
852 3473 910 3522 eut
925 3485 942 3521 a
955 3484 986 3525 se
1003 3487 1058 3525 suo
1079 3466 1173 3524 Marte
1190 3467 1253 3521 exa?
1266 3471 1279 3483 ’·

146 3572 311 3649 cogitatum
330 3578 359 3628 et
373 3567 565 3628 Demostheni
585 3566 728 3637 donatum
748 3575 841 3640 esset,
858 3566 989 3625 incertos
1013 3569 1050 3629 de
1064 3582 1165 3627 eo'nos
1181 3586 1244 3624 eso
1329 3581 1333 3586 ’

146 3666 257 3749 uoluit3
281 3692 357 3750 quae
372 3692 480 3749 magna
503 3690 600 3749 neque
615 3670 740 3728 serenda
763 3678 807 3727 est
829 3689 882 3727 seu
905 3670 1041 3729 secordia
1064 3691 1117 3729 seu
1136 3667 1243 3726 leuitas

149 3762 176 3835 et
193 3777 350 3854 neglectus
369 3792 575 3854 personaeque
598 3781 627 3830 et
650 3771 802 3848 roligionis
824 3789 911 3846 suae,
933 3792 991 3850 qua
1003 3773 1104 3831 editor
1118 3770 1247 3847 quisque

149 3877 260 3936 vetusti
283 3876 488 3955 cujuscunque
510 3874 640 3933 auctoris
669 3882 698 3931 et
722 3873 782 3953 ipsi
800 3875 918 3931 auctori
948 3866 1002 3932 suo
1032 3883 1062 3930 et
1083 3868 1244 3930 emtoribus
1267 3921 1268 3926 ,

150 3977 421 4062 atquelectoribus
438 3977 577 4037 editionis
594 3995 665 4035 suae
680 3975 840 4060 obstrictus
859 3985 904 4033 est
912 4021 921 4051 ‚
938 3995 990 4034 scu
1006 3978 1172 4034 'contemtus
1188 3971 1245 4045 poss

149 4079 293 4141 iteritatis
307 4081 456 4160 etjudicii
471 4077 596 4160 publici,
610 4078 857 4136 existimationem
868 4077 964 4155 ipsius
976 4071 1098 4136 editoris
1113 4070 1246 4145 laedens,

152 4177 378 4257 et‘emtoribus,
402 4175 623 4262 quotquotille
642 4180 698 4236 sibi
719 4179 971 4257 speratluturos,
996 4175 1156 4246 molestus,
1180 4158 1254 4231 eona

149 4287 211 4364 'que
232 4283 377 4346 fraudans
392 4271 501 4348 fructu
520 4283 648 4367 laboris,
675 4299 764 4361 quem
785 4283 818 4343 in
837 4277 1008 4340 edomando
1035 4276 1164 4337 editione
1189 4291 1250 4330 sun-
1320 4292 1322 4296 ·
