2776 4748
467 236 526 298 lu
558 235 847 297 DEMOSTHEN
856 234 925 297 EM.
1181 259 1243 303 :ss-v

130 397 449 494 fortunae‘prsesidiis
463 408 624 469 derelictus
640 426 721 483 sum,
744 417 775 467 et
787 407 967 483 eliahabeo,
992 425 1068 489 quae
1090 428 1240 472 excusem.

129 515 191 573 Sed
214 532 324 594 pergo.
367 515 513 591 Perseepe
534 512 597 570 eine
623 530 713 569 causa
731 509 843 592 bonum
855 510 993 571 Wolfium
1018 512 1130 591 Taylor
1149 514 1242 588 ridet,

129 624 243 688 vexet,
266 613 415 693 exagitet,
438 613 595 691 objurgat,
616 612 699 690 quod
722 612 875 689 diligentia
891 613 1094 692 paedagogica
1112 617 1240 676 oratoris

128 715 215 778 locos
241 715 392 797 quosdam
414 715 595 788 enuclesuit,
609 715 702 773 velut
729 715 862 775 nutrices
879 719 981 796 pueris
992 717 1101 775 ‘omma
1119 718 1242 779 minima

127 838 238 880 manee
256 820 290 877 in
311 841 345 880 os
366 817 516 894 ingenuit.
561 816 673 876 Sedes
695 817 848 894 diligentia
868 819 953 876 utilis
967 829 1000 877 et
1018 820 1241 898 pernecessaria

129 930 191 995 est,
217 929 250 978 et
267 919 338 998 plue
354 919 495 998 prodest,
518 936 609 996 quam
627 914 824 999 supercilium
839 921 982 993 aliorum,
1006 923 1075 999 qui,
1091 924 1161 981 duni
1179 926 1241 984 ela-

128 1023 249 1101 gantiae
259 1020 450 1100 nescioquas
468 1021 620 1079 abstrusas
633 1031 664 1080 et
679 1023 840 1100 exquisitas
856 1032 1083 1098 consectantur,
1098 1042 1169 1084 vere
1185 1026 1241 1083 dif-

127 1124 223 1185 licilia
232 1132 429 1203 praetereunt
442 1133 472 1185 et
485 1122 687 1195 dissimulant,
710 1124 741 1181 in
761 1123 851 1181 rebus
868 1124 1038 1202 perspicuis
1056 1125 1093 1183 <le
1109 1128 1241 1186 tenebris

128 1236 322 1307 queruntur,
346 1225 486 1304 expedita
509 1225 571 1289 suis
592 1227 715 1302 er·gutiis
734 1227 893 1300 intricant,
917 1228 997 1284 clara
1015 1229 1195 1307 perturbant
1211 1216 1241 1289 ct

124 1325 307 1395 obscurant.
339 1326 510 1404 Tayloro
487 1347 512 1384 ιι
533 1325 740 1386 natandum
717 1348 779 1386 sine
793 1330 903 1387 cortice
919 1328 1018 1386 Wnllii
1043 1329 1162 1405 fuisset,
1183 1353 1239 1392 nae

130 1443 181 1491 sut
195 1431 332 1492 cavisset
344 1428 400 1485 sibi
413 1429 449 1484 ab
466 1426 523 1485 hac
538 1429 707 1502 natatione,
729 1440 779 1488 aut
792 1431 963 1509 periculum
985 1430 1048 1508 ejus
1063 1452 1132 1490 cum
1147 1435 1240 1493 dede-

129 1555 202 1594 core
224 1552 287 1619 suo
306 1531 378 1590 fecis
379 1539 433 1588 set.
446 1516 587 1619 Ecquis
611 1533 688 1591 enim
715 1533 826 1611 Tayler
846 1532 884 1591 ad
905 1531 1067 1592 Wolfium'l
1107 1536 1238 1612 Largius,

130 1610 288 1715 Angltini
278 1655 310 1693 ln
324 1632 392 1712 jure
407 1633 507 1692 Attico
520 1637 610 1712 paulo
625 1636 695 1714 plus
714 1634 825 1693 vidisse
841 1624 1007 1708 Germane,
1032 1635 1114 1712 quod
1132 1636 1240 1695 mirmn

130 1757 191 1799 non
204 1747 255 1797 est
268 1744 341 1816 post
353 1736 475 1816 scriptu
487 1737 591 1811 Petu,
615 1735 765 1810 Sahnssii,
787 1735 937 1795 Maussaci
960 1745 988 1794 et
1008 1737 1138 1795 manime
1152 1737 1241 1795 Valc-

131 1840 165 1897 sii
192 1839 237 1899 ed
263 1832 559 1915 Harpen-ationem,
572 1860 649 1916 quae
671 1839 772 1898 Wollii
790 1848 886 1899 aetate
903 1839 1037 1897 nondum
1055 1848 1126 1898 nata
1147 1849 1241 1903 crant,

131 1940 257 2017 largiar
275 1936 487 2018 hocquuque,
504 1942 674 2019 'Taylorum
689 1942 910 2001 instructiorem
926 1941 1018 2001 fuisse
1034 1943 1128 2021 copiis
1143 1943 1241 2021 libro·¹

131 2064 201 2104 rum
224 2039 541 2116 Demosthenicum,
565 2052 595 2101 et
613 2044 719 2105 melius
731 2041 768 2100 iis
781 2045 826 2102 uti
848 2045 956 2118 scisse,
980 2063 1070 2122 quam
1087 2044 1240 2118 Woliium,

131 2166 225 2226 quem
245 2153 327 2203 actes
348 2144 585 2207 subcrescentis
611 2143 709 2202 adhuc
729 2143 864 2220 critices,
888 2146 979 2209 etin·
991 2146 1240 2215 ordinandis,illis

131 2246 317 2309 lectionibus
336 2246 428 2305 fuism
454 2246 672 2323 diligentiorem
700 2256 789 2324 atque
810 2246 1007 2306 solertiorem.
1052 2247 1087 2306 ln
1115 2228 1264 2309 cacteris.

132 2349 391 2415 tamenomnibus
410 2348 456 2407 aio
477 2348 618 2407 Wolfium
632 2348 762 2426 Tayloro
788 2350 1021 2412 anteferendum.
1064 2350 1136 2409 Plus
1153 2351 1242 2415 inbo-⁸

131 2449 418 2517 risexeuthvitiu
441 2448 640 2509 Demosthene
661 2450 912 2527 interpretando,
926 2452 1033 2511 melius
1063 2453 1241 2510 sententiam
1313 2498 1317 2503 .

133 2554 200 2635 ejus
218 2551 377 2633 perspexit
398 2559 428 2609 et
448 2551 600 2641 reddidit,
621 2553 728 2611 melius
748 2551 839 2612 latine
862 2555 982 2628 calluit,
1003 2553 1142 2632 pluribus
1163 2554 1242 2612 locis
1332 2589 1336 2597 ·

132 2655 316 2731 medicinlrm
330 2661 373 2712 -et
398 2653 562 2712 feliciorem
591 2652 712 2731 quidem
741 2655 857 2727 attulit,
880 2674 970 2733 quam
997 2655 1161 2734 Tsylorus,
1185 2676 1240 2715 cu·

131 2759 182 2844 jus
202 2754 425 2835 emendationes
440 2775 478 2814 ex
489 2757 557 2835 ipso
572 2765 659 2815 natue
671 2757 832 2835 pleraeque
847 2768 899 2815 aut
916 2756 1063 2815 leviculas
1071 2800 1080 2829 ,
1097 2768 1155 2815 sut
1166 2780 1240 2815 nira-

132 2857 242 2918 nifesto
264 2857 357 2916 salsae
378 2867 464 2932 eunt,
488 2859 543 2919 vix
564 2867 627 2915 tres
643 2869 814 2935 quatuorve
831 2858 862 2915 in
877 2867 942 2914 toto
957 2859 1072 2931 agmine
1086 2859 1240 2934 capitales,

135 2980 264 3042 quarum
277 2959 306 3019 ei
315 2978 423 3037 magna
435 2956 625 3017 sitlmbenda
638 2959 741 3032 gratia,
758 2944 867 3036 quilius
879 2957 1066 3017 inveniendis
1080 2976 1141 3030 non
1158 2960 1241 3018 alind

135 3042 338 3144 quodcunque
354 3079 411 3138 par
429 3057 545 3123 fuisset,
555 3058 717 3136 ingenium.
761 3059 873 3138 Taylor
892 3059 918 3117 si
937 3055 1109 3136 diligentius
1131 3054 1241 3121 editio-.

133 3185 204 3224 nem
215 3161 345 3223 Munatii
366 3160 574 3221 sutFelicieni
595 3159 786 3238 inspexisset,
810 3181 872 3221 non
892 3160 1136 3240 reprehendisset
1149 3161 1239 3223 toties

134 3262 338 3327 Wolfiumoh
361 3262 526 3334 novitatem
553 3261 708 3337 lectionis,
730 3262 817 3340 quasi
839 3263 928 3321 Wolf·
947 3262 984 3321 de
1015 3273 1069 3322 s'uo
1093 3264 1238 3322 lectiones

137 3366 286 3447 quesdsm
299 3373 377 3441 esset
391 3374 592 3439 commentus,
616 3363 731 3425 dudum
744 3374 811 3426 ente
830 3364 993 3450 allanutio
1006 3348 1152 3445 proditis.
1240 3417 1243 3423 .
1274 3362 1277 3369 '

219 3569 293 3630 Tria
304 3570 425 3629 omnino
441 3570 506 3628 vidi
525 3567 616 3650 hujus
635 3569 773 3630 editionis
792 3569 979 3650 Tayloranae
992 3570 1129 3650 exempla
1138 3615 1146 3644 ,
1161 3589 1242 3649 quo·>

133 3691 204 3736 rum
217 3693 330 3747 unum,
352 3674 437 3750 quod
456 3683 500 3731 est
522 3694 613 3752 penes
637 3668 760 3732 Tobiam
779 3673 957 3750 Krebsium,
979 3673 1014 3730 V.
1033 3674 1064 3730 C.
1080 3673 1238 3729 Rectorem

134 3775 263 3835 Scholse
287 3775 482 3834 Provincialis
499 3774 538 3833 ad
561 3775 738 3851 Grimmam,
763 3774 1029 3837 Observationibus
1042 3774 1136 3832 Flavi·
1137 3774 1192 3828 niis
1210 3779 1239 3827 et

133 3880 271 3939 Decretis
294 3881 498 3939 Romanorum
509 3899 577 3973 pro
599 3878 719 3937 ludaeis
741 3878 949 3951 nobilitatum,
972 3877 1097 3935 tenebat
1114 3873 1237 3949 aliquid,

135 3981 241 4060 quod
232 4002 264 4045 sn
277 3979 393 4039 duobus
409 3964 533 4055 reliquis
547 4000 608 4038 non
620 3978 826 4038 anirnndverti.
860 3977 1057 4059 Scilicetpost
1072 3973 1159 4030 finem
1169 3993 1237 4031 οιιι-

134 4082 441 4167 nomsmLepnnem
449 4123 459 4156 ,
480 4100 512 4160 Ρ
505 4087 577 4147 ..63
593 4082 677 4143 ubi·
667 4104 701 4141 sn
721 4083 785 4140 aliis
810 4083 953 4161 exemplis
969 4076 1092 4156 Taylori
1105 4076 1237 4138 inillam

88 4167 94 4177 ⁸
135 4184 305 4245 orationem
319 4170 527 4247 mentones
544 4183 710 4261 incipiunt5
733 4183 917 4264 incipiebant
946 4179 1061 4265 scholis
1080 4200 1187 4258 graeca
1205 4179 1243 4271 ιιι

134 4284 218 4349 tuam
231 4285 1002 4382 cretionem‚insenescentem-Francicus&-
1033 4276 1161 4372 Pasissee
1179 4280 1242 4361 ee
