2776 4748
391 219 449 280 ab
480 216 850 291 DEMOSTHENEM.
895 272 899 280 .
1139 244 1172 285 u

44 380 287 453 Feliciasio'non
297 399 477 470 usurpatos,
498 389 623 449 dubiam
637 397 698 465 est3
727 397 758 447 et
771 404 867 467 paene
884 406 999 469 negem.
1042 391 1169 455 Wolfius

47 495 85 553 ad
106 508 207 552 snam
220 503 303 553 certa
317 494 417 552 nullos
432 491 569 552 adhibuit
581 492 701 552 codices
716 499 810 549 matos
817 535 825 566 ,
846 492 929 570 qaod
951 494 1090 575 equidem
1104 516 1171 555 ma-

47 597 150 678 jorem
171 599 211 656 iu¹
231 595 357 655 modum
372 594 407 653 in
423 610 465 653 eu
479 596 588 669 sanor,
616 596 668 672 qui
688 601 816 653 aetatem
834 614 867 653 ea
890 598 920 653 in
941 596 1018 655 urbe
1036 598 1168 675 degeret,

36 699 102 758 'ubi
119 696 219 777 copia
229 697 290 777 ipsi
304 706 382 755 assat
401 715 454 755 sex
473 695 613 754 codicum
625 694 940 775 Demosthenicum,
953 708 984 759 et
997 699 1029 758 in
1041 698 1089 758 his
1102 721 1169 760 om-

51 801 154 873 nium,
172 798 429 878 quotquothodie
443 798 554 875 cogniti
566 797 653 855 nobis
666 816 795 878 usquam
810 808 944 874 exstant,
959 801 1031 860 sine
1044 813 1168 863 mutro—
1218 810 1221 815 '

52 892 152 961 versia
167 898 365 975 nobilissimi,
382 899 578 978 antiquissimi
593 901 877 962 etemendatissimi.
921 902 1034 963 Sedens
1047 905 1168 968 adlon-
1281 958 1285 974 ,

52 1013 129 1076 tem,
145 1011 206 1061 aut
215 1000 368 1085 ignoravit
377 1019 457 1077 cum,
473 1011 526 1061 aut
536 1004 580 1060 nil
594 1003 713 1061 curavit
727 1002 798 1060 inde
808 1000 940 1063 haurire.
968 1005 1052 1078 Quae
1064 1022 1168 1067 secor—

54 1105 115 1164 dia!
144 1095 313 1181 Postquam
329 1103 391 1182 jam
405 1122 516 1164 excusa
536 1113 615 1163 esset
626 1105 708 1182 typis
728 1103 824 1165 edilia
836 1125 904 1181 sua,
925 1116 991 1164 tum
1002 1106 1123 1167 demum
1133 1111 1167 1169 iu
1248 1086 1252 1091 Ἰ

55 1216 193 1267 mentem
211 1205 241 1265 ei
255 1203 353 1277 rasit,
375 1222 440 1263 esse
456 1209 489 1264 in
505 1206 596 1279 urbe,
618 1206 671 1263 ubi
692 1206 798 1264 literas
813 1207 878 1286 ipse
898 1207 1021 1286 publice
1041 1208 1167 1288 profite—
1225 1210 1229 1223 ¹

56 1319 155 1382 reum,
169 1305 360 1367 membranas
373 1294 580 1365 Demosthenis
591 1316 740 1383 vetustas,
755 1309 832 1370 forte
845 1322 906 1368 rien
920 1309 1056 1386 indignas
1064 1355 1072 1385 ,
1088 1332 1167 1391 quae

59 1401 282 1485 consenantia.
318 1407 470 1466 Commisit
484 1408 637 1486 nogotium
652 1410 717 1483 alii,
740 1407 857 1471 homini
868 1411 963 1469 doctov
981 1412 1103 1490 quidem
1120 1416 1167 1475 illi
1208 1412 1210 1417 ’

58 1530 154 1589 neque
169 1510 298 1587 ignavo,
320 1510 510 1570 excusatione
529 1528 602 1569 usus
621 1510 771 1589 probabili
789 1511 907 1584 futura,
923 1513 949 1570 si
965 1532 1036 1572 vera
1049 1516 1165 1580 fuisset.

59 1614 169 1672 Verum
185 1610 338 1690 copiosius
351 1611 389 1670 dc
405 1612 546 1671 subsidiis
561 1610 716 1672 Demosthe
731 1612 827 1668 dicam
841 1613 934 1688 paulo
948 1624 1034 1691 post,
1056 1617 1167 1692 quibus

56 1717 100 1774 uti
114 1714 272 1794 potuisset
286 1694 384 1788 Wolf,
404 1712 430 1769 si
451 1711 604 1772 voluisset.
649 1714 709 1772 Sed
729 1712 933 1770 condonemus
949 1712 1029 1772 hanc
1045 1718 1166 1795 culpam

58 1816 247 1876 multitudini
263 1817 416 1889 laborum,
437 1814 550 1892 quibus·
576 1815 703 1874 obrutus
732 1807 910 1874 crabbeum
929 1816 981 1876 ille
1000 1817 1064 1894 vir,
1085 1829 1167 1880 sorte

58 1936 145 1992 usus,
167 1926 268 1977 aetate
288 1936 358 1994 sua,
379 1917 529 1976 communi
552 1917 642 1975 etiam
662 1915 752 1975 hodie
772 1916 836 1974 illis
847 1930 865 1991 ‚·
883 1919 936 1995 qui
946 1918 1081 1996 jumenta
1093 1918 1173 1981 'suni
1275 1940 1278 1947 ·

58 2018 267 2095 librariorum,
295 2038 425 2098 quorum
447 2018 604 2098 cupiditati
635 2037 756 2098 operam
776 2038 862 2077 suam
881 2019 914 2077 in
931 2019 1017 2078 libris
1040 2021 1166 2083 edendis

57 2122 254 2196 addixerunt,
270 2131 313 2181 'ut
333 2141 383 2180 eos
396 2119 597 2200 locupletent,
614 2120 674 2198 ipsi
684 2119 804 2178 interim
821 2121 897 2179 fame
911 2131 1089 2198 pereuntes,
1103 2130 1164 2201 ειυς
1246 2134 1250 2145 ”

58 2226 175 2284 sibene
186 2244 253 2282 rem
270 2233 393 2302 gerunt,
406 2242 476 2285 omn
488 2221 633 2281 nonnullo
644 2221 690 2279 rei
702 2223 856 2281 familiaris
878 2208 1097 2299 emolumento,
1119 2226 1169 2284 fa«

58 2348 119 2386 mae
130 2323 281 2407 ficientes
292 2325 456 2405 jecmaam,
471 2311 673 2384 cum'nocesse
690 2323 729 2382 sit
744 2344 853 2404 opera,
865 2338 928 2382 non
941 2326 1089 2401 scribere,
1110 2328 1165 2409 sed

59 2446 206 2504 wpmere.
234 2429 442 2488 Cnadonemus
460 2415 551 2486 etiam
567 2427 679 2485 saeculi
694 2409 781 2484 istius
793 2425 938 2509 ruditati,
951 2437 1017 2488 mm
1028 2431 1165 2493 nondum
1207 2432 1213 2439 '

32 2514 201 2591 'maetas
223 2531 263 2590 ad
286 2532 468 2609 diligentiam
492 2528 637 2588 criticam.
687 2527 786 2598 Quam
807 2526 923 2606 prinus
944 2528 1083 2590 adhibuit
1104 2534 1174 2594 ne·

59 2632 212 2693 mostheni
227 2633 307 2692 Guil.
324 2633 484 2706 Morellus,
500 2631 547 2688 vir
562 2631 707 2706 egregius,
722 2628 801 2687 idem
815 2636 914 2697 tamen
930 2631 1037 2691 Wolfio
1054 2642 1165 2713 aequa·i
1191 2698 1195 2703 ,

59 2734 112 2811 lis,
135 2744 170 2794 et
191 2734 295 2793 eadem
316 2742 415 2792 aetate
440 2751 546 2790 aurun
566 2734 721 2809 cumipse
744 2731 870 2790 volvens
890 2732 1162 2797 Demosthenicum.

34 2856 37 2867 ¹
60 2834 135 2894 Octo
161 2835 281 2893 codices
304 2835 354 2893 ille
375 2854 444 2892 eum
466 2834 663 2911 Herwagiana
680 2832 778 2909 prima
802 2832 945 2902 contulit,
973 2842 1004 2890 et
1018 2833 1164 2894 lectiones

60 2933 171 2996 exiliis
184 2959 211 3003 ‚a
227 2955 261 2994 sc
279 2944 418 3017 ¹enotatas
434 2935 465 2993 in
482 2934 613 3013 margine
627 2951 697 2989 suae
717 2930 854 2988 editionis
876 2932 980 2990 rotulit
1005 2953 1075 2991 cum
1091 2943 1165 2996 nota

59 3038 210 3118 cujusque
227 3033 357 3112 codicis,
379 3037 461 3095 unde
479 3037 570 3096 lectio
585 3028 724 3113 quaeque
742 3031 952 3093 sumta-esset.¹
986 3035 1112 3095 Codices
1125 3039 1166 3098 il-

25 3186 30 3194 .
59 3144 102 3201 los
115 3141 217 3200 literis
232 3139 384 3219 alphabeti
400 3138 499 3216 graeci
512 3120 691 3217 designant,
707 3136 839 3213 primum
852 3128 938 3196 litera
953 3159 981 3214 u,
998 3140 1166 3202 secundum
1203 3148 1210 3165 ¹

59 3245 146 3304 litera
161 3245 257 3326 {hat
271 3243 319 3300 'sic
338 3257 440 3322 porro.
484 3241 602 3300 Horum
620 3237 761 3298 codicum
779 3238 917 3296 notitiam
937 3241 1099 3319 eTayloro
1115 3262 1166 3306 rs-

60 3358 146 3426 pete,
167 3345 195 3405 si
218 3342 329 3423 placet.
374 3343 486 3403 Verum
514 3362 577 3401 non
602 3343 751 3425 processit
774 3341 851 3400 haec
871 3342 991 3400 Morelli
1012 3342 1189 3422 diligentia’

62 3449 144 3507 ultra
156 3455 277 3527 partem
292 3447 389 3521 illam,
407 3464 483 3524 quac
497 3446 566 3524 ipso
580 3444 681 3504 adhuc
694 3444 854 3524 superstite
867 3449 981 3504 excute
993 3444 1061 3505 fuit.
1106 3446 1165 3506 Su-

59 3558 186 3628 persunt
205 3548 469 3627 illius'diligentiae
487 3547 616 3625 vestigia
640 3546 787 3626 quaedam
811 3545 957 3631 adhuein
972 3549 1107 3609 oratione
1127 3534 1167 3609 du

59 3641 309 3728 lalsalegaliono.
354 3651 390 3709 In
404 3650 629 3729 insequentibus
646 3649 736 3728 plane
756 3649 929 3727 exspiravit.
960 3649 995 3707 In
1009 3650 1166 3730 illepurtu

60 3753 143 3812 bem.
157 3753 324 3829 Lutetiam,
340 3767 430 3832 quam
447 3754 607 3811 Lambinus
632 3753 750 3810 curavit
760 3797 768 3825 ‚
794 3760 845 3808 aut
863 3752 962 3809 mallos
979 3752 1031 3812 ille
1044 3754 1167 3812 codices·
1283 3790 1286 3803 ·

61 3855 204 3936 inspexit,
219 3866 273 3915 aut
287 3876 412 3936 perum
426 3856 567 3934 inspexit,
586 3857 648 3916 sine
657 3854 770 3921 indicit)
787 3852 908 3932 quddam
921 3853 1044 3932 reliquit
1058 3854 1169 3912 lectio-t

22 3936 30 3955 l
61 3976 130 4031 nes,
149 3956 176 4041 si
196 3972 270 4034 quas
286 3960 375 4018 illinc
392 3959 558 4036 excerpsit:
580 3959 684 4041 multo.
700 3955 831 4017 rariores
855 3963 926 4013 sunt
938 3956 1000 4036 jem
1021 3955 1167 4015 lectiones
1182 3932 1196 4005 ⁸.
1277 3997 1280 4007 ·

61 4042 227 4132 variantes,
243 4079 335 4138 qaam
349 4058 381 4119 in
396 4069 483 4140 parte
500 4061 656 4121 aMorello
676 4040 794 4135 emate,
818 4067 848 4118 et
872 4059 1050 4137 plerumque
1064 4075 1080 4117 e
1096 4057 1169 4117 fon-
1239 4114 1246 4127 ,

62 4161 142 4221 tibus
159 4161 337 4240 vulgisibus
371 4165 505 4224 haustae.
531 4159 609 4221 -Se'd
626 4161 685 4221 hae
711 4163 750 4226 de
773 4181 807 4221 re
839 4160 902 4240 jam
925 4157 1020 4238 supra
1033 4154 1177 4239 'questus‘

61 4281 135 4324 turn.
157 4265 231 4326 Post
240 4265 442 4345 intersudum'
452 4273 617 4339 ceutunsat
634 4265 822 4346 septuaginta
837 4262 900 4320 fere
915 4268 1060 4327 mnarum
1071 4259 1169 4341 prod?

297 4414 310 4450 ι
784 4377 921 4457 ****2
